3172 4924
629 361 848 432 ..1ρά

146 551 217 623 post
246 544 472 625 substantiuum,
502 551 540 610 ad
570 551 647 624 quod
674 552 812 626 pertinet,
836 558 970 626 ponatur,
994 553 1020 611 si
1043 553 1176 625 sequitur
1199 541 1326 622 uocalis}

149 662 253 714 contra
276 662 345 715 ante
364 665 573 717 consonantem
591 660 722 717 litteram
742 665 794 716 aut
813 659 975 718 Genetiuus
994 662 1172 733 pronominis
1191 675 1327 734 persona·

148 765 187 822 lis
224 770 276 822 aut
307 782 466 838 pronomen
498 766 696 838 possessiuum
728 783 791 823 curn
815 767 940 825 artIculo
965 767 1149 845 coniunctum
1171 768 1327 839 reperitur.

150 871 293 930 Conferas
315 873 390 930 hacc
413 873 546 945 exempla
568 874 600 931 in
623 874 755 931 oratione
779 872 975 946 Trapezitica.
1012 868 1030 948 ἓ
1056 876 1073 932 5
1099 856 1116 931 ὃ
1140 861 1251 956 πατὴρ
1274 856 1329 931 οἱ·-

148 965 211 1054 μὸς
234 965 450 1055 ἐπιβουλεύοι.
497 974 515 1054 ἓ
540 980 578 1038 11
604 968 664 1062 τὴν
686 962 832 1063 άάελιμήν
855 968 914 1063 τὴν
938 968 1019 1062 ἐμὴν
1042 966 1195 1061 εἰληφώς.
1242 976 1261 1053 ,Q
1286 982 1327 1039 46

149 1072 208 1165 τὴν
231 1071 367 1162 δύναμιν
389 1076 449 1169 τὴν
473 1076 554 1168 ἐμὴν
577 1067 722 1169 ἤμελλεν.
769 1085 786 1160 ξ
811 1088 851 1146 38
876 1084 941 1144 τῶν
964 1072 1139 1169 χρημάτων
1157 1084 1222 1144 τῶν
1241 1078 1329 1164 ε’μιῦν

151 1175 384 1271 ὁμολογοῦντος
403 1185 492 1270 ἐμοῦ.
535 1193 592 1252 Sed
616 1193 647 1251 in
665 1189 683 1268 ξ
703 1196 722 1252 4
748 1177 892 1275 ὁιτατήρ
914 1211 977 1270 μου
1001 1181 1068 1252 (loo.
1106 1189 1125 1269 ξ
1149 1197 1165 1252 5
1191 1181 1329 1270 τὸνμὲν

151 1293 281 1380 ντατέρα
303 1319 367 1378 μου
386 1287 613 1378 συλλαμβάνει.
647 1296 665 1377 ᾖ
685 1303 724 1360 45
747 1289 803 1359 τὸν
823 1293 884 1378 μέν
898 1292 1027 1381 ντατέρα
1040 1319 1104 1378 μοι)
1118 1292 1329 1383 οινειλημμέ-

150 1424 221 1479 νοις
249 1425 409 1480 pronomen
431 1410 629 1481 possessinum
653 1414 684 1467 et
706 1409 847 1487 articulos
864 1403 928 1483 1αὲ
943 1409 983 1466 35
1008 1394 1101 1489 ιταρά
1124 1404 1181 1465 τοῖ’
1205 1394 1331 1487 πατρὸς

149 1496 271 1590 τοάμοῦ
294 1506 512 1592 κομίσασθαι.
550 1510 569 1590 ᾗ
588 1517 628 1575 37
655 1499 801 1597 άντατήρ
825 1498 924 1591 οὖμός
945 1502 1010 1596 μὴ;
1034 1531 1089 1587 quo
1108 1516 1170 1572 loco
1188 1498 1330 1597 ὁντατήρ

149 1639 213 1697 μοι·
236 1639 294 1680 uon
317 1623 457 1696 scriptum
481 1640 546 1681 esse
565 1623 690 1696 uidetur,
714 1624 791 1695 quod
814 1624 954 1680 absonum
977 1623 1084 1680 fuisset
1105 1640 1168 1698 μου
1190 1607 1247 1703 μή.
1273 1651 1315 1662 -—

240 1729 352 1786 Eadem
381 1730 458 1787 ratio
481 1730 513 1786 iu
535 1730 657 1801 reliquis
680 1746 793 1801 quoqne
817 1730 998 1787 orationibus
1022 1706 1268 1802 deprehenditur;
1293 1728 1329 1787 ct.

152 1834 225 1893 XVI
250 1836 288 1894 31
314 1823 374 1918 ’τὴν
396 1829 521 1919 μητέρα
544 1824 603 1919 τὴν
626 1823 708 1918 έμὴν
731 1826 856 1919 ἔγημεν.
902 1822 958 1893 τὸν
982 1826 1111 1917 πατέρα
1134 1823 1190 1892 τὸν
1204 1823 1282 1912 ἐμὸν
1296 1827 1332 1907 ἕξ

152 1925 311 2000 άιτάντοιν
348 1928 567 2020 ἐκλεξάμενος.
628 1938 646 2017 ξ
675 1945 693 2001 2
731 1931 787 2000 τὸν
824 1934 952 2023 πατέρα
988 1961 1052 2019 μοι·
1088 1928 1328 2019 διαβάλλοντες.

152 2044 171 2122 ξ
195 2051 234 2107 26
259 2046 316 2107 τοῦ
340 2037 467 2130 πατρὸς
488 2032 609 2126 τοάμοῖ·
633 2035 922 2132 στρατηγήσαντες.
969 2049 1045 2108 XIX
1076 2050 1102 2108 7.
1127 2051 1178 2108 44.
1205 2050 1253 2109 18.
1279 2052 1330 2108 19.

153 2155 375 2216 V106.149.
421 2157 467 2216 XI
494 2158 521 2215 1.

241 2263 287 2322 lu
311 2264 424 2321 hiatum
447 2265 577 2337 pertinet
599 2265 625 2322 is
649 2279 761 2337 qnoque
785 2280 854 2321 usus
878 2263 1027 2338 Isocratis,
1051 2282 1135 2337 quem
1159 2265 1217 2322 iam
1241 2281 1330 2338 supra

155 2366 203 2440 (cf.
227 2387 254 2443 p.
280 2363 313 2449 8)
346 2371 576 2443 commemoraui,
614 2387 676 2452 περ
699 2371 845 2444 syllabam
870 2371 907 2428 ad
930 2372 1059 2428 relatiua
1082 2373 1215 2444 aliasque
1239 2372 1329 2445 parti·

153 2477 234 2534 cuias
262 2483 324 2535 tum
347 2480 472 2536 manime
496 2478 580 2550 adici,
611 2478 636 2535 si
660 2479 771 2536 uocalis
794 2485 942 2550 sequatur,
966 2479 1043 2550 quod
1066 2484 1166 2537 tamen
1189 2496 1331 2552 persaepe

153 2584 189 2640 fit
220 2584 330 2643 talibus
360 2602 473 2658 quoque
502 2585 584 2658 locis,
614 2586 718 2657 quibus
740 2586 839 2643 hiatus
862 2602 920 2643 non
944 2591 1092 2657 oreretur;
1116 2586 1152 2643 cf.
1176 2585 1265 2644 XVII
1290 2587 1330 2644 26

152 2679 246 2771 εἷἰτερ
268 2672 530 2774 άιτηλλαγμένος.
580 2692 619 2750 17
644 2678 764 2772 ἐάνπερ
786 2682 842 2764 εἷς.
891 2695 928 2752 21
956 2671 1062 2774 ἧσπερ
1085 2674 1134 2751 άν.

243 2799 358 2856 Deinde
381 2784 504 2879 πότερα
528 2801 653 2858 maxime
676 2807 746 2858 ante
770 2807 971 2874 consonantes,
995 2787 1133 2881 πότερον
1156 2806 1225 2858 ante
1248 2817 1331 2856 noca-

154 2905 235 2963 cales
259 2901 464 2979 adhibetur¹);
502 2907 538 2965 cf.
572 2906 696 2966 V100.
734 2907 780 2965 XI
805 2909 833 2967 7.
867 2907 941 2966 XIV
966 2910 1016 2965 35.
1049 2908 1106 2966 XV
1131 2908 1181 2966 88.
1216 2906 1274 2965 VII
1299 2908 1327 2964 9.

153 3012 216 3070 XII
240 3013 290 3072 22.
316 3014 388 3072 233.
413 3045 455 3053 -
480 3014 568 3072 XVII
592 3016 634 3074 46
659 2999 797 3096 ντάτερον
821 2997 875 3085 ὣς.
923 2999 1060 3093 ιτάτερον
1082 3000 1177 3084 εἰκάς.

243 3120 376 3191 Denique
407 3138 470 3179 cum
500 3122 598 3179 hiatus
622 3122 753 3180 cultandi
777 3122 874 3180 studi0
898 3122 928 3178 id
951 3138 1063 3193 quoque
1087 3122 1233 3193 cohaeret,
1257 3120 1332 3192 quod

154 3222 267 3302 Fuhr²)
296 3227 422 3300 protulit
452 3227 488 3285 ds
518 3244 572 3285 usu
601 3228 761 3285 sennarum
795 3224 864 3298 πᾶς
893 3233 924 3284 et
954 3211 1054 3297 άιτας.
1101 3227 1231 3284 Primum
1256 3228 1332 3285 enim

155 3350 270 3407 semper
292 3335 420 3392 scribere
443 3334 603 3392 Isocratem
627 3320 737 3392 πάντα
761 3323 817 3392 τὸν
834 3320 945 3413 χρόνον
963 3340 1031 3407 post
1048 3334 1173 3406 uocales,
1197 3317 1330 3391 άιταντα

155 3427 211 3498 τὸν
237 3425 350 3520 χρόνον
379 3447 446 3514 post
477 3447 684 3512 consonantem
716 3442 790 3500 illud
816 3442 941 3514 legimus
964 3442 995 3499 II
1020 3420 1073 3500 22.
1093 3440 1136 3498 IV
1161 3443 1233 3499 103.
1261 3442 1332 3499 167.

155 3547 183 3604 V
209 3548 279 3606 130.
303 3548 365 3606 XII
389 3549 440 3606 21.
466 3548 538 3608 163.
562 3549 620 3607 XV
643 3550 694 3607 48.
718 3549 806 3608 XVII
831 3549 889 3619 57;
912 3549 968 3606 lnoc
990 3548 1038 3606 III
1063 3549 1113 3606 20.
1137 3548 1180 3606 IV
1204 3548 1264 3606 24.
1281 3550 1331 3606 52.

157 3655 209 3712 60.
235 3655 306 3713 128.
334 3656 404 3714 151.
431 3656 492 3713 186
518 3655 586 3712 aliis
609 3656 690 3713 locis.

245 3762 346 3833 Neque
370 3763 445 3820 alius
469 3768 515 3820 est
537 3778 616 3835 usus,
640 3762 665 3819 si
685 3762 873 3833 coniungitur
900 3762 974 3819 illud
989 3762 1165 3819 adiectiuum
1190 3779 1253 3819 cum
1268 3765 1333 3820 sub-

156 3869 287 3926 stantiuo
312 3847 499 3947 άνέλριοιτοι.
546 3855 668 3940 πάντες
691 3849 885 3949 άνθρωιτοιῑ
909 3868 945 3926 ο1.
968 3869 1011 3927 IV
1036 3870 1086 3928 23.
1111 3872 1163 3930 27.
1189 3870 1239 3928 lo.
1262 3870 1333 3929 174.

156 3975 184 4031 v
208 3976 259 4034 au.
283 3975 326 4032 vn
351 3974 400 4034 14.
425 3978 475 4036 42.
501 3976 558 4033 vn
580 3977 607 4035 τ.
631 3976 707 4035 vnn
727 3977 777 4035 so.
825 3961 969 4047 aeaco
992 3957 1186 4056 tannaco.-
1211 3977 1257 4034 nn
1283 3978 1332 4036 no.

155 4082 200 4140 IV
216 4083 270 4140 56.
282 4083 332 4140 69.
356 4081 399 4142 VI
415 4082 464 4142 76.
485 4082 543 4140 VII
560 4084 608 4142 73.
624 4083 698 4140 VIII
717 4084 765 4141 15.
782 4083 832 4140 21.
848 4084 899 4141 44.
916 4085 966 4141 46.
984 4084 1033 4141 89.
1049 4082 1122 4141 XIV
1138 4086 1165 4142 2.
1181 4083 1271 4142 XVII
1283 4084 1333 4141 23.

157 4188 228 4194 W
242 4187 428 4286 {Iamlam
448 4215 568 4269 Poenae.
588 4215 654 4269 auio.
674 4234 702 4284 p,
720 4215 816 4268 xxxi.
837 4215 899 4268 son.
922 4220 963 4271 n.

246 4309 273 4375 2)
292 4306 360 4358 Mus.
381 4305 467 4361 Rhen.
488 4306 580 4375 (1878)
599 4304 721 4361 XXXIII.
740 4323 766 4373 p.
787 4308 839 4360 329
858 4322 918 4372 sqq.
1031 4316 1034 4322 '
