3172 4924
605 351 824 408 ..13-

875 511 941 539 ))Ι

33 516 34 519 “
118 515 323 607 κρατοέιντιον
339 521 374 586 δέ
385 574 469 586 .....
474 575 480 599 ,
497 519 541 589 ἔτι
559 520 595 585 δέ
610 514 782 610 χρημάτων
793 573 799 584 .
812 572 819 584 .
832 572 838 585 .
850 544 907 584 ονκ
923 544 1033 597 arctor,
1045 517 1226 596 έκεένοιςδέ
1237 524 1297 603 βα-

116 629 232 707 σιλέως
253 629 465 716 παρέχοντος,
486 627 571 713 modo
590 628 625 692 δέ
646 622 787 706 τοέτοις.
800 680 806 692 .
821 619 1006 714 ‚inermos
1021 625 1077 691 rol
1093 649 1297 712 τταρεσκεια-

116 735 263 818 σμένοιν.
279 789 285 800 .
299 789 315 814 .,
332 734 364 800 έν
387 730 561 813 recudent-‚¹
576 740 781 822 ‹re-plqopatg.
795 788 801 799 .
814 787 820 800 .
833 787 849 814 .,
865 760 923 820 τις
937 727 1066 812 πόλεως
1079 719 1183 823 odnige,
1198 757 1298 817 μετα-

115 843 348 929 ιτεμψαμένιον
369 835 467 908 αδτδν
484 844 548 906 τιῖιν
563 843 770 929 στρατιωτῶν
784 839 859 920 κτλ,
875 851 906 907 in
920 846 936 921 §
953 849 993 908 10
1008 838 1068 919 [dg
1083 835 1197 929 νήσσας
1212 832 1297 905 ἀττέ-

115 973 213 1039 στησε
237 951 296 1015 καὶ
319 951 383 1015 τῶν
406 948 572 1032 πολεμίοιν
594 943 789 1027 διδάσκαλος
804 949 964 1037 κατέστη,
980 957 1010 1013 in
1025 953 1042 1028 §
1059 956 1097 1014 15
1114 940 1316 1036 ἀπέστησεν

117 1096 153 1101 -
170 1057 325 1148 ἐποίησε,
347 1098 378 1105 „.
399 1057 577 1146 rariorque
593 1096 633 1105 -—
651 1050 904 1145 ἐστρατήγησεν,
927 1065 958 1120 in
979 1061 1053 1135 §20
1076 1048 1242 1142 γενόμενος
1262 1053 1298 1118 δὲ

115 1156 189 1246 μεθ)
217 1158 312 1249 ὑμῶν
344 1164 456 1231 έττεισε
486 1163 545 1248 μέν
570 1204 610 1210 -
635 1161 761 1230 ἔπαισε
792 1163 827 1227 δέ
853 1202 892 1208 -
919 1163 1054 1227 διέδωκε
1085 1162 1121 1228 δὲ
1145 1197 1186 1212 *-
1212 1153 1297 1227 δαέ-

116 1271 198 1336 δακε
216 1272 257 1337 δέ
273 1311 325 1353 -,
337 1272 488 1362 διήλλαξε
507 1271 543 1336 δέ
565 1310 596 1317 --
617 1262 808 1357 ἀπέστρεψε
823 1269 859 1334 δέ
874 1265 949 1348 κτλ,
965 1279 996 1335 in
1010 1274 1079 1349 §28
1097 1269 1153 1335 καὶ
1168 1293 1299 1357 σωφρο-

116 1377 273 1445 νέστατον
289 1379 345 1446 καὶ
361 1372 569 1445 δικαιότατον
583 1378 639 1444 καὶ
654 1371 849 1466 σοφώτατον
864 1373 938 1456 κτέ,
950 1374 1297 1465 ἐντιτροντεαδῆναικαὶ

118 1488 287 1576 τραρῆναι
314 1486 369 1552 καὶ
394 1487 637 1574 παιδειῖλῆναι.,
662 1494 692 1550 in
706 1490 723 1565 §
738 1493 777 1552 41
796 1476 984 1549 κινδονεδαν
997 1480 1039 1548 τὰ
1054 1483 1113 1566 μὲν
1126 1476 1182 1571 ὑφ’
1200 1476 1297 1567 ὑμῶν,

116 1590 154 1656 ed
179 1594 217 1658 δέ
245 1587 286 1660 δι’
311 1588 404 1677 ὑμᾶς,
428 1592 470 1659 rol
495 1586 521 1658 δ
547 1588 631 1680 lardo
655 1585 752 1676 ὑμῶν,
776 1590 818 1658 τοὶ
842 1592 877 1656 δέ
901 1584 976 1675 μεθ’
1002 1573 1119 1673 ὑμῶν.ι

204 1712 306 1782 Atque
336 1711 469 1782 equidem
499 1712 536 1766 ab
567 1711 663 1767 animo
693 1710 851 1780 impetrare
883 1725 941 1764 non
970 1724 1087 1778 possum
1115 1712 1148 1761 ut
1172 1706 1296 1777 credam,

117 1813 278 1874 Isocratem
302 1822 348 1874 tot
371 1823 484 1874 ettam
508 1817 649 1888 quaesitis
673 1816 806 1873 artificiis
831 1832 913 1872 usum
937 1831 1002 1871 esse
1025 1814 1055 1869 in
1080 1813 1212 1870 oratione
1226 1829 1296 1869 uere

33 1908 34 1927 ³
116 1920 259 1996 iudiciali,
283 1924 360 1995 quod
382 1940 501 1995 prorsus
525 1930 672 2004 pugnaret
695 1940 758 1982 cum
781 1923 874 1994 ipsius
898 1921 1046 1979 sententia
1069 1935 1158 1991 supra
1181 1937 1216 1976 ex
1235 1937 1297 1977 ora·

117 2027 195 2085 tione
220 2031 410 2103 Panegyrico
434 2031 534 2088 allata.
581 2030 671 2087 Immo
695 2031 792 2102 potius
816 2029 1053 2100 existimauerim,
1083 2028 1203 2084 remotis
1227 2027 1295 2084 reli·

118 2136 178 2203 quis
213 2137 398 2193 orationihus
428 2138 561 2209 partibus
592 2137 785 2208 amplificasse
814 2153 878 2193 eum
903 2136 1048 2207 epilogum
1073 2140 1103 2191 et
1125 2135 1243 2191 limasse
1267 2139 1297 2191 et

118 2256 285 2315 exornasse,
314 2250 346 2300 ut
369 2245 530 2301 orationem
555 2244 823 2314 demonstratiuam,
848 2243 961 2299 scilicet
984 2226 1141 2320 ἐγκώμιον
1165 2242 1292 2298 Alcibia-

33 2346 35 2421 ξ
119 2347 169 2421 dis,
194 2352 267 2411 inde
291 2352 423 2408 efficeret
431 2344 462 2422 ¹).

204 2460 278 2530 Ipsa
301 2463 397 2515 autern
422 2458 551 2515 laudatio
575 2458 705 2530 pertinet
728 2457 795 2513 inde
813 2457 1028 2528 aparagrapho
1043 2456 1182 2512 uicesima
1197 2456 1293 2512 altera

119 2578 206 2636 usque
242 2566 280 2623 ad
309 2566 562 2637 quadragesimam
594 2566 724 2637 primam,
757 2565 849 2635 igitur
880 2581 932 2635 per
954 2563 1061 2634 uiginti
1085 2564 1295 2635 paragraphus,

33 2676 34 2685 ¹
119 2668 146 2724 in
177 2673 284 2743 quibus
315 2689 331 2729 e
355 2689 473 2729 numero
498 2673 630 2729 hiatuum
654 2688 742 2743 supra
765 2676 997 2727 enumeratoriun
1024 2675 1084 2727 tres
1108 2675 1221 2727 tantum
1254 2670 1296 2725 in-

121 2779 287 2851 ueniuntur,
314 2796 377 2837 cum
405 2780 511 2850 reliqui
533 2779 673 2836 tredecim
695 2778 815 2835 admissi
836 2778 896 2834 sint
910 2778 940 2834 in
954 2778 1079 2848 triginta
1092 2778 1295 2849 paragraphis

120 2885 193 2942 uude
221 2886 331 2958 elucet,
361 2890 506 2942 oratorem
530 2887 667 2942 maiorem
692 2886 875 2956 diligentiam
899 2885 1068 2941 adhibuisse
1092 2901 1127 2940 ue
1151 2884 1294 2940 uocalium
1332 2930 1334 2933 .

33 3050 34 3059 ¹
121 3004 275 3050 concursus
305 2995 390 3049 lieret
420 2993 450 3048 iu
481 3010 516 3049 ea
545 2998 646 3065 parte,
679 3009 753 3063 quae
781 2992 936 3062 plurimum
960 2990 1058 3046 differt
1082 3006 1100 3046 a
1122 3007 1230 3061 genere
1254 2991 1295 3046 iu-

123 3096 230 3158 diciali.

207 3208 277 3266 Jarn
307 3208 477 3266 accedamus
507 3207 545 3263 ad
576 3206 736 3263 orationem
761 3203 1002 3274 Callimacheam,
1036 3220 1121 3274 quam
1149 3202 1294 3274 integram

33 3314 34 3327 ¹
121 3309 267 3373 habemus.
314 3314 470 3372 Continent
500 3319 598 3370 alitem
629 3312 762 3383 singulae
791 3312 853 3368 eius
876 3315 976 3381 partes
999 3310 1053 3366 has
1076 3311 1293 3381 paragraphos:

122 3414 303 3478 Prooemium
324 3426 355 3477 et
369 3421 523 3478 Prothesis
537 3416 572 3492 §§
591 3421 637 3476 1---
656 3420 690 3488 43
714 3418 853 3476 Narratio
869 3413 903 3489 §§
921 3418 1044 3488 5-123
1068 3417 1293 3489 Argumentatio

122 3519 154 3596 ἓξ
181 3529 325 3598 13-26,
349 3527 491 3599 Epilogus
514 3523 549 3598 §§
575 3526 714 3584 27—68.
742 3525 881 3582 Uidemus
905 3525 1005 3596 igitur,
1030 3524 1116 3596 longe
1139 3524 1293 3580 maximam

122 3635 261 3693 orationis
283 3641 395 3707 partem
421 3634 563 3692 contineri
587 3633 711 3704 epilogo.
745 3633 886 3690 Hiatuum
910 3638 1007 3690 autem
1032 3645 1120 3704 supra
1144 3648 1294 3688 enumera·

122 3741 214 3798 torum
244 3743 317 3799 haec
348 3747 394 3798 est
422 3743 499 3798 ratio
522 3741 553 3798 in
577 3739 702 3810 singulis
725 3741 874 3812 partibus,
904 3746 936 3795 ut
959 3740 989 3795 iu
1012 3739 1207 3811 paragraphis
1229 3756 1293 3810 pro·

122 3850 213 3922 oemii,
236 3849 423 3921 narrationis,
447 3848 711 3920 argumentationis
734 3848 842 3920 uiginti
866 3864 925 3920 sex,
949 3863 1023 3919 quae
1045 3847 1164 3918 explent
1179 3853 1293 3904 centurn

123 3958 280 4029 nonaginta
303 3961 444 4027 semptem
467 3972 586 4027 uersus,
618 3956 710 4013 insint
732 3973 806 4012 unus
830 3962 860 4011 et
883 3955 998 4026 uiginti,
1022 3955 1051 4011 in
1076 3954 1186 4027 epilogi
1209 3971 1293 4026 para·

210 4126 236 4194 1)
255 4125 446 4179 Retractatam
466 4140 525 4177 esse
543 4123 616 4177 hano
635 4123 788 4177 orationem
807 4122 951 4177 contendit
966 4122 1211 4176 Rauohensteinius
1226 4140 1291 4189 quo·

123 4226 173 4277 que
192 4214 270 4283 (Mus.
290 4215 398 4267 Heluet.
421 4216 496 4278 1862,
516 4233 542 4282 p.
562 4217 613 4269 277
634 4214 713 4282 sqq),
733 4214 841 4281 prolato
861 4213 915 4266 alio
935 4216 1106 4281 argumento,
1126 4212 1150 4264 J.
1169 4229 1225 4264 uon
1245 4230 1291 4281 po-

123 4301 205 4356 tuisse
223 4307 304 4357 tanta
323 4303 438 4356 andacia
457 4303 603 4356 defendere
622 4301 794 4356 Alcibiadem
816 4302 845 4355 in
863 4301 971 4355 iudicio.
