3172 4924
721 323 941 382 „22-

245 504 353 561 abierit
375 503 407 561 in
430 503 489 561 uim
512 502 630 573 utendi3
660 494 814 581 παρέχειν
841 506 943 561 contra
966 501 1008 559 nil
1031 500 1112 558 aliud
1135 500 1237 558 ualere
1260 500 1316 557 uisi
1340 515 1424 572 prae·

244 612 314 668 bere
338 610 428 669 alicui
451 610 571 683 aliquid,
594 611 671 668 sicut
694 611 725 667 in
748 607 767 681 ξ
791 611 831 668 98
856 609 998 667 orationis
1020 608 1070 666 VI.

334 717 424 777 Certa
453 720 545 777 uerba
569 734 684 789 semper
708 717 809 774 eodem
833 715 934 774 ordine
958 731 1023 773 esse
1046 714 1189 786 collocata
1212 713 1290 786 apud
1312 714 1424 771 Isocra-

244 829 304 881 tem
327 826 445 897 saepius
468 824 664 882 animaduerti
687 828 793 897 potest.
846 823 944 895 Atque
967 815 1149 892 Wurmms1)
1173 821 1285 894 primus
1307 820 1424 893 quidem

244 932 390 1003 cognouit,
420 932 582 989 Isocratem
614 928 658 1002 (et
687 923 877 1006 Aeschinem)
908 946 1023 1002 semper
1053 929 1151 987 dicere
1174 920 1345 1009 προσέχειν
1367 915 1426 986 τὸν

245 1034 326 1109 νοῦν,
358 1054 505 1110 nunquam
535 1023 592 1095 τὸν
621 1033 694 1094 νοῦν
716 1028 896 1116 προσέχειν,
928 1037 1005 1109 quod
1027 1036 1174 1094 Isocrates
1197 1035 1280 1094 nulla
1303 1036 1364 1093 alia
1387 1036 1424 1094 de

245 1161 334 1203 causa
356 1145 463 1203 fecisse
487 1145 613 1217 uidetur,
637 1145 695 1202 nisi
719 1144 795 1216 quod
818 1144 861 1201 sic
884 1159 1040 1202 concursus
1063 1143 1209 1201 uocalium
1232 1159 1346 1215 semper
1364 1143 1425 1201 eui·

244 1254 372 1310 tabatur.
418 1251 571 1310 Sescentis
594 1252 668 1310 locis
691 1252 722 1308 id
744 1255 842 1323 potest
864 1251 999 1324 probari:
1023 1251 1069 1307 HI
1093 1253 1141 1308 16.
1158 1252 1208 1308 21.
1231 1250 1259 1307 V
1284 1249 1424 1309 13106.

246 1358 287 1416 VI
312 1359 363 1417 50.
390 1360 461 1417 106.
485 1358 559 1416 VIII
583 1361 611 1417 3.
637 1360 687 1417 10.
713 1357 762 1416 17.
788 1357 859 1416 116.
885 1358 946 1416 127
970 1350 1079 1429 aliisi)
1127 1356 1185 1415 Sed
1207 1357 1239 1414 in
1260 1351 1335 1431 §24
1361 1373 1426 1415 ora·

244 1465 334 1524 tionis
358 1465 563 1538 Trapeziticae
587 1465 700 1523 codices
724 1481 823 1523 omnes
847 1465 1001 1522 exhibent:
1023 1447 1116 1542 ὑμεῖς
1137 1446 1192 1522 οὖν
1209 1480 1267 1540 μοι
1282 1451 1338 1522 τὸν
1352 1459 1426 1522 νοῦν

246 1565 428 1652 προσέχετε,
453 1589 528 1645 quae
551 1574 643 1630 uerba
665 1573 708 1630 sic
730 1573 762 1630 in
783 1572 894 1630 Blassii
917 1588 1030 1644 quoque
1052 1571 1182 1630 editione
1201 1571 1348 1643 leguntur,
1372 1571 1426 1629 sed

246 1685 326 1738 certe
348 1697 406 1738 non
429 1684 518 1738 recte.
563 1678 651 1737 ssiam
675 1680 751 1737 enim
774 1681 929 1737 uerborum
953 1679 1174 1737 collocationem
1198 1678 1312 1736 scribae
1331 1679 1426 1737 errori

245 1787 431 1844 tribuendam
455 1803 528 1859 esse,
554 1803 588 1844 eo
612 1786 782 1845 credibilius
806 1791 860 1858 est,
884 1785 961 1858 quod
984 1786 1062 1844 idem
1086 1768 1198 1844 ordea
1222 1785 1370 1847 codicibus
1394 1785 1427 1842 in

245 1891 263 1967 ς’
289 1893 328 1952 18
354 1899 427 1952 orat.
450 1894 496 1952 XI
526 1910 638 1966 quoque
669 1894 832 1966 exhibetur,
860 1893 910 1950 ubi
941 1893 1119 1950 Benselerus
1149 1898 1343 1965 transponere
1367 1910 1427 1950 non

246 2000 402 2059 dubitauit.

334 2108 399 2165 Iam
422 2107 458 2165 de
482 2108 605 2166 articulo
631 2112 801 2166 constanter
824 2113 895 2164 ante
918 2105 1093 2164 uocabulum
1116 2093 1296 2186 οἷκρόνῑολις
1317 2107 1348 2165 in
1363 2125 1427 2165 ora·

245 2213 326 2271 tione
356 2214 544 2286 Trapezitica
577 2209 625 2289 (ξξ
650 2216 700 2274 18.
734 2216 783 2273 20.
817 2213 871 2284 34)
905 2205 1042 2285 emiseni)
1076 2231 1171 2287 pauca
1199 2214 1272 2272 mihi
1302 2214 1428 2273 dicenda

246 2325 323 2393 sunt,
347 2337 410 2378 cum
433 2338 549 2395 semper
572 2322 701 2380 addatur
720 2323 751 2380 in
770 2322 953 2381 orationibus
968 2320 1223 2391 demonstratiuis3
1247 2320 1284 2378 cf.
1308 2320 1335 2377 V
1353 2321 1427 2380 146.

247 2425 319 2484 VIII
344 2427 395 2486 47.
422 2430 492 2488 126.
516 2428 574 2488 XV
599 2428 672 2487 234.
698 2430 770 2488 307.
796 2430 868 2488 319.
898 2430 1013 2501 Atque
1044 2433 1156 2486 certam
1185 2427 1281 2499 legem
1305 2429 1428 2487 articuli

246 2534 295 2591 uel
319 2535 473 2594 omittendi
503 2536 552 2594 uel
575 2537 762 2594 adscribendi
783 2537 876 2594 fuisse
905 2537 936 2594 in
959 2537 1014 2594 hoc
1037 2535 1187 2593 uocabulo·
1204 2534 1281 2606 apud
1305 2535 1428 2608 scripto-

246 2658 303 2715 res,
327 2643 522 2701 demonstrari
545 2643 596 2701 uix
619 2644 736 2716 poterit,
760 2644 813 2701 sed
836 2660 873 2701 ex
895 2644 1019 2701 libidine
1041 2643 1148 2701 fecisse
1168 2642 1306 2699 uidentur
1324 2642 1356 2699 in
1370 2643 1429 2702 hac

246 2765 287 2806 re.
333 2749 421 2822 Apud
444 2749 625 2823 Hyperidem
649 2755 695 2808 ter
718 2751 870 2823 appositus
895 2749 923 2822 (I
948 2750 976 2823 9,
995 2751 1020 2809 7.
1041 2753 1069 2824 9,
1086 2750 1136 2808 27.
1160 2749 1203 2806 IV
1225 2748 1251 2822 7,
1268 2748 1310 2822 9),
1335 2750 1427 2807 semel

248 2855 371 2913 omissus
395 2861 441 2913 est
466 2853 623 2928 (111,3);
648 2858 727 2928 apud
748 2857 929 2915 Andocidem
952 2858 1043 2916 semel
1066 2856 1217 2930 appositus
1236 2848 1354 2933 (1117),
1379 2863 1427 2914 ter

248 2962 371 3020 omissus
395 2968 442 3021 est
465 2962 494 3034 (I
517 2965 569 3021 42.
593 2965 645 3021 45.
672 2962 741 3036 75);
773 2965 850 3035 apud
872 2964 1052 3022 Dinarchum
1075 2981 1190 3036 semper
1213 2964 1298 3021 deest
1321 2960 1348 3033 (I
1372 2963 1424 3022 37.

249 3070 299 3128 96.
323 3070 354 3127 H
378 3069 449 3142 24);
473 3071 504 3128 in
527 3070 768 3143 inscriptionibus
791 3070 878 3143 longe
902 3070 1019 3143 saepius
1042 3088 1101 3128 non
1124 3069 1291 3143 adscriptus
1309 3075 1355 3127 est
1379 3067 1426 3140 (0.

247 3176 270 3234 Ι.
286 3176 336 3236 Gr.
357 3178 372 3234 I
394 3179 445 3236 84.
467 3179 739 3238 8118792107,
759 3179 828 3237 123.
844 3179 917 3251 478,
942 3177 1060 3236 additur
1083 3177 1112 3236 0.
1127 3177 1150 3235 Ι.
1165 3177 1200 3235 A.
1223 3177 1238 3233 I
1256 3176 1303 3236 11.
1320 3179 1361 3236 32
1376 3176 1427 3250 Β).

248 3285 293 3342 οο
315 3285 456 3342 Isocratis
479 3299 534 3343 usu
558 3285 691 3358 equidem
715 3285 757 3344 sic
780 3286 1020 3358 existimauerim,
1043 3284 1174 3343 additum
1190 3295 1255 3342 esse
1269 3284 1429 3345 articulum

250 3390 281 3447 in
304 3390 487 3450 orationibus
510 3392 756 3466 demonstratiuis‚
781 3398 814 3451 ut
836 3393 951 3465 plenior
973 3393 1058 3450 fieret
1080 3391 1183 3464 oratio,
1207 3391 1283 3463 quod
1299 3390 1353 3449 ille
1368 3409 1429 3451 non

249 3496 292 3554 ita
315 3499 503 3570 consequitur
525 3499 556 3555 in
580 3499 761 3557 orationibus
784 3499 960 3557 forensibus.
992 3500 1089 3571 Atque
1110 3498 1184 3556 haec
1198 3513 1263 3554 mea
1277 3499 1429 3557 sententia

249 3604 349 3675 aliqua
377 3610 521 3677 exparte
544 3606 600 3663 hac
621 3623 655 3663 re
678 3606 808 3679 fulcitur,
836 3606 912 3678 quod
935 3606 1025 3668 simili
1047 3605 1163 3663 ratione
1186 3606 1332 3663 Isocrates
1355 3622 1428 3664 usus

249 3727 314 3768 esse
344 3711 462 3770 uidetur
490 3713 522 3769 iu
552 3712 685 3771 addendo
717 3718 746 3770 et
776 3714 936 3773 omittendo
967 3712 1091 3771 articulo
1124 3717 1193 3769 ante
1216 3729 1321 3770 nomen
1345 3711 1429 3770 Πει-

251 3810 365 3898 ραιεύς,
398 3820 473 3891 quod
509 3821 642 3878 omnibus
666 3820 738 3878 locis
761 3821 925 3878 orationum
949 3819 1245 3877 demonstratiuarum
1268 3820 1359 3877 hahet
1382 3837 1430 3878 ar·

249 3925 371 3983 ticulum
397 3923 452 3995 (IV
476 3928 526 3984 42.
551 3925 609 3984 VH
634 3928 683 3987 67.
710 3928 761 3986 68.
784 3926 842 3985 XV
866 3925 953 3999 307),
977 3943 1041 3983 cum
1064 3926 1095 3983 in
1119 3926 1301 3984 orationibus
1325 3926 1428 3986 iudici·

248 4028 461 4043 --...---.

339 4079 365 4148 1)
384 4079 490 4137 Wurm.
511 4079 663 4134 Commeat.
683 4078 713 4133 in
731 4078 860 4135 Dinarch.
879 4097 906 4147 p.
928 4080 968 4134 19.

338 4169 366 4238 2)
385 4168 527 4223 Benseler:
547 4169 628 4223 Isocr.
647 4168 785 4239 Areopag.
823 4168 897 4238 Lips.
918 4170 995 4224 1832.
1031 4186 1058 4237 p.
1080 4171 1139 4224 117.

300 4304 302 4307 .
338 4258 366 4327 3)
385 4257 483 4312 Breuni.
504 4258 701 4331 Ausgew'ahlte
719 4259 814 4314 Redeu
834 4260 912 4316 1831.
931 4275 1033 4315 eroum.
1054 4257 1091 4312 IV
1110 4274 1132 4311 ο.
