<?xml version="1.0" encoding="UTF-8"?>
<!DOCTYPE html PUBLIC "-//W3C//DTD XHTML 1.0 Transitional//EN"
    "http://www.w3.org/TR/xhtml1/DTD/xhtml1-transitional.dtd">
<html xmlns="http://www.w3.org/1999/xhtml" xml:lang="en" lang="en">
 <head>
  <title>
</title>
<meta http-equiv="Content-Type" content="text/html;charset=utf-8" />
  <meta name='ocr-system' content='tesseract 3.04.00' />
  <meta name='ocr-capabilities' content='ocr_page ocr_carea ocr_par ocr_line ocrx_word'/>
</head>
<body>
  <div class='ocr_page' id='page_1' title='image "./deisocratisorat00gallgoog_0023.png"; bbox 0 0 3172 4924; ppageno 0'>
   <div class='ocr_carea' id='block_1_1' title="bbox 721 327 940 398">
    <p class='ocr_par' dir='ltr' id='par_1_1' title="bbox 721 327 940 398">
     <span class='ocr_line' id='line_1_1' title="bbox 721 327 940 398; baseline 0.005 -21"><span class='ocrx_word' id='word_1_1' title='bbox 721 327 940 398; x_wconf 29' lang='grc' dir='ltr'><strong><em>..μή</em></strong></span> 
     </span>
    </p>
   </div>
   <div class='ocr_carea' id='block_1_2' title="bbox 233 506 1422 4120">
    <p class='ocr_par' dir='ltr' id='par_1_2' title="bbox 238 506 1422 1027">
     <span class='ocr_line' id='line_1_2' title="bbox 239 506 1417 593; baseline 0 -17"><span class='ocrx_word' id='word_1_2' title='bbox 239 506 299 576; x_wconf 82' lang='lat' dir='ltr'><strong><em>XX</em></strong></span> <span class='ocrx_word' id='word_1_3' title='bbox 328 523 417 590; x_wconf 82' lang='lat' dir='ltr'>atque</span> <span class='ocrx_word' id='word_1_4' title='bbox 447 517 542 576; x_wconf 83' lang='lat' dir='ltr'>oratio</span> <span class='ocrx_word' id='word_1_5' title='bbox 572 516 648 576; x_wconf 86' lang='lat' dir='ltr'><strong><em>XXI</em></strong></span> <span class='ocrx_word' id='word_1_6' title='bbox 680 518 722 576; x_wconf 92' lang='lat' dir='ltr'>nil</span> <span class='ocrx_word' id='word_1_7' title='bbox 752 518 811 576; x_wconf 91' lang='lat' dir='ltr'>nisi</span> <span class='ocrx_word' id='word_1_8' title='bbox 840 518 998 592; x_wconf 75' lang='lat' dir='ltr'><strong>descriptio</strong></span> <span class='ocrx_word' id='word_1_9' title='bbox 1026 518 1159 593; x_wconf 79' lang='lat' dir='ltr'><strong>opusculi</strong></span> <span class='ocrx_word' id='word_1_10' title='bbox 1184 514 1417 592; x_wconf 86' lang='lat' dir='ltr'>demonstratiui,</span> 
     </span>
     <span class='ocr_line' id='line_1_3' title="bbox 238 624 1420 699; baseline 0.002 -18"><span class='ocrx_word' id='word_1_11' title='bbox 238 624 312 681; x_wconf 84' lang='lat' dir='ltr'>hoec</span> <span class='ocrx_word' id='word_1_12' title='bbox 335 641 447 697; x_wconf 87' lang='lat' dir='ltr'>quoque</span> <span class='ocrx_word' id='word_1_13' title='bbox 469 641 517 682; x_wconf 89' lang='lat' dir='ltr'>res</span> <span class='ocrx_word' id='word_1_14' title='bbox 541 624 650 697; x_wconf 90' lang='lat' dir='ltr'>optime</span> <span class='ocrx_word' id='word_1_15' title='bbox 674 641 835 697; x_wconf 78' lang='lat' dir='ltr'>congruere</span> <span class='ocrx_word' id='word_1_16' title='bbox 850 624 983 697; x_wconf 87' lang='lat' dir='ltr'>uidetur,</span> <span class='ocrx_word' id='word_1_17' title='bbox 1007 626 1083 698; x_wconf 90' lang='lat' dir='ltr'>quod</span> <span class='ocrx_word' id='word_1_18' title='bbox 1097 627 1128 684; x_wconf 91' lang='lat' dir='ltr'>in</span> <span class='ocrx_word' id='word_1_19' title='bbox 1143 627 1187 684; x_wconf 91' lang='lat' dir='ltr'><strong><em>eis</em></strong></span> <span class='ocrx_word' id='word_1_20' title='bbox 1202 644 1239 684; x_wconf 91' lang='lat' dir='ltr'><strong><em>ne</em></strong></span> <span class='ocrx_word' id='word_1_21' title='bbox 1254 627 1345 686; x_wconf 85' lang='lat' dir='ltr'>semei</span> <span class='ocrx_word' id='word_1_22' title='bbox 1359 627 1420 699; x_wconf 89' lang='lat' dir='ltr'>qui·</span> 
     </span>
     <span class='ocr_line' id='line_1_4' title="bbox 239 713 1420 809; baseline 0.002 -20"><span class='ocrx_word' id='word_1_23' title='bbox 239 731 303 789; x_wconf 93' lang='lat' dir='ltr'><strong><em>dem</em></strong></span> <span class='ocrx_word' id='word_1_24' title='bbox 317 731 429 789; x_wconf 88' lang='lat' dir='ltr'>iudices</span> <span class='ocrx_word' id='word_1_25' title='bbox 438 732 643 805; x_wconf 80' lang='lat' dir='ltr'>appellantur3</span> <span class='ocrx_word' id='word_1_26' title='bbox 658 732 735 804; x_wconf 91' lang='lat' dir='ltr'>quod</span> <span class='ocrx_word' id='word_1_27' title='bbox 744 732 778 788; x_wconf 92' lang='lat' dir='ltr'>fit</span> <span class='ocrx_word' id='word_1_28' title='bbox 787 748 845 790; x_wconf 91' lang='lat' dir='ltr'><strong><em>uno</em></strong></span> <span class='ocrx_word' id='word_1_29' title='bbox 855 732 919 790; x_wconf 83' lang='lat' dir='ltr'>loco</span> <span class='ocrx_word' id='word_1_30' title='bbox 930 733 1073 791; x_wconf 84' lang='lat' dir='ltr'>orationis</span> <span class='ocrx_word' id='word_1_31' title='bbox 1082 713 1297 793; x_wconf 76' lang='lat' dir='ltr'>Gallimsohese</span> <span class='ocrx_word' id='word_1_32' title='bbox 1312 731 1343 809; x_wconf 53' lang='grc' dir='ltr'><strong><em>[ἓ</em></strong></span> <span class='ocrx_word' id='word_1_33' title='bbox 1354 732 1420 806; x_wconf 85' lang='grc'><strong><em>21),</em></strong></span> 
     </span>
     <span class='ocr_line' id='line_1_5' title="bbox 239 833 1422 914; baseline 0.002 -18"><span class='ocrx_word' id='word_1_34' title='bbox 239 839 291 897; x_wconf 86' lang='lat' dir='ltr'>sed</span> <span class='ocrx_word' id='word_1_35' title='bbox 309 833 388 914; x_wconf 81' lang='lat' dir='ltr'>plus</span> <span class='ocrx_word' id='word_1_36' title='bbox 411 834 510 897; x_wconf 74' lang='lat' dir='ltr'>uicies</span> <span class='ocrx_word' id='word_1_37' title='bbox 531 835 567 896; x_wconf 85' lang='grc' dir='ltr'><strong><em>ιἰι</em></strong></span> <span class='ocrx_word' id='word_1_38' title='bbox 581 834 723 897; x_wconf 78' lang='lat' dir='ltr'>oratioue</span> <span class='ocrx_word' id='word_1_39' title='bbox 739 834 959 913; x_wconf 72' lang='grc' dir='ltr'><strong><em>Τναμινδλοσ,</em></strong></span> <span class='ocrx_word' id='word_1_40' title='bbox 981 845 1137 912; x_wconf 85' lang='lat' dir='ltr'>praeterea</span> <span class='ocrx_word' id='word_1_41' title='bbox 1151 846 1256 913; x_wconf 82' lang='lat' dir='ltr'>quater</span> <span class='ocrx_word' id='word_1_42' title='bbox 1270 841 1422 898; x_wconf 81' lang='lat' dir='ltr'>inuenitur</span> 
     </span>
     <span class='ocr_line' id='line_1_6' title="bbox 239 925 1419 1027; baseline 0.001 -25"><span class='ocrx_word' id='word_1_43' title='bbox 239 928 265 1002; x_wconf 86' lang='grc' dir='ltr'><strong><em>ιδ</em></strong></span> <span class='ocrx_word' id='word_1_44' title='bbox 290 925 402 1026; x_wconf 84' lang='grc' dir='ltr'><strong><em>δίνδρες</em></strong></span> <span class='ocrx_word' id='word_1_45' title='bbox 423 936 607 1027; x_wconf 74' lang='grc' dir='ltr'><strong><em>Αἰγινῆται</em></strong></span> <span class='ocrx_word' id='word_1_46' title='bbox 633 942 681 1017; x_wconf 67' lang='grc' dir='ltr'><strong><em>(ἓὲ</em></strong></span> <span class='ocrx_word' id='word_1_47' title='bbox 708 946 734 1003; x_wconf 89' lang='lat'><strong><em>1.</em></strong></span> <span class='ocrx_word' id='word_1_48' title='bbox 760 945 810 1004; x_wconf 82' lang='lat'><strong><em>13.</em></strong></span> <span class='ocrx_word' id='word_1_49' title='bbox 836 945 886 1004; x_wconf 88' lang='grc'><strong><em>14.</em></strong></span> <span class='ocrx_word' id='word_1_50' title='bbox 910 944 974 1017; x_wconf 87' lang='grc'><strong><em>34.)</em></strong></span> <span class='ocrx_word' id='word_1_51' title='bbox 1000 946 1031 1004; x_wconf 90' lang='lat' dir='ltr'>in</span> <span class='ocrx_word' id='word_1_52' title='bbox 1054 940 1419 1019; x_wconf 72' lang='lat' dir='ltr'>orationeAeginetioal).</span> 
     </span>
    </p>

    <p class='ocr_par' dir='ltr' id='par_1_3' title="bbox 237 1053 1419 1446">
     <span class='ocr_line' id='line_1_7' title="bbox 326 1053 1419 1127; baseline 0 -16"><span class='ocrx_word' id='word_1_53' title='bbox 326 1053 384 1112; x_wconf 85' lang='lat' dir='ltr'><strong><em>Sed</em></strong></span> <span class='ocrx_word' id='word_1_54' title='bbox 406 1054 574 1127; x_wconf 84' lang='lat' dir='ltr'><strong>priusquam</strong></span> <span class='ocrx_word' id='word_1_55' title='bbox 597 1053 674 1111; x_wconf 84' lang='lat' dir='ltr'>hano</span> <span class='ocrx_word' id='word_1_56' title='bbox 696 1053 915 1110; x_wconf 78' lang='lat' dir='ltr'>dissertationis</span> <span class='ocrx_word' id='word_1_57' title='bbox 938 1058 1053 1126; x_wconf 85' lang='lat' dir='ltr'>partem</span> <span class='ocrx_word' id='word_1_58' title='bbox 1071 1054 1251 1126; x_wconf 86' lang='lat' dir='ltr'>concludam,</span> <span class='ocrx_word' id='word_1_59' title='bbox 1274 1054 1419 1125; x_wconf 85' lang='lat' dir='ltr'>exemplis</span> 
     </span>
     <span class='ocr_line' id='line_1_8' title="bbox 237 1160 1416 1234; baseline 0.001 -16"><span class='ocrx_word' id='word_1_60' title='bbox 237 1160 461 1233; x_wconf 75' lang='lat' dir='ltr'>demonstretur,</span> <span class='ocrx_word' id='word_1_61' title='bbox 484 1160 630 1217; x_wconf 86' lang='lat' dir='ltr'>interdum</span> <span class='ocrx_word' id='word_1_62' title='bbox 654 1160 815 1232; x_wconf 75' lang='lat' dir='ltr'>simplicem</span> <span class='ocrx_word' id='word_1_63' title='bbox 839 1161 993 1219; x_wconf 88' lang='lat' dir='ltr'>uerborum</span> <span class='ocrx_word' id='word_1_64' title='bbox 1017 1161 1158 1234; x_wconf 84' lang='lat' dir='ltr'>ordinem,</span> <span class='ocrx_word' id='word_1_65' title='bbox 1182 1162 1231 1234; x_wconf 90' lang='lat' dir='ltr'>qui</span> <span class='ocrx_word' id='word_1_66' title='bbox 1254 1161 1285 1218; x_wconf 93' lang='lat' dir='ltr'>in</span> <span class='ocrx_word' id='word_1_67' title='bbox 1299 1161 1416 1219; x_wconf 85' lang='lat' dir='ltr'>uniuer-</span> 
     </span>
     <span class='ocr_line' id='line_1_9' title="bbox 237 1267 1418 1341; baseline 0 -16"><span class='ocrx_word' id='word_1_68' title='bbox 237 1283 300 1325; x_wconf 90' lang='lat' dir='ltr'>sum</span> <span class='ocrx_word' id='word_1_69' title='bbox 331 1267 444 1327; x_wconf 86' lang='lat' dir='ltr'>seruari</span> <span class='ocrx_word' id='word_1_70' title='bbox 473 1267 550 1324; x_wconf 88' lang='lat' dir='ltr'>solet</span> <span class='ocrx_word' id='word_1_71' title='bbox 580 1268 617 1324; x_wconf 85' lang='lat' dir='ltr'><strong><em>ab</em></strong></span> <span class='ocrx_word' id='word_1_72' title='bbox 640 1267 772 1326; x_wconf 87' lang='lat' dir='ltr'>Isocrate</span> <span class='ocrx_word' id='word_1_73' title='bbox 802 1272 833 1325; x_wconf 89' lang='lat' dir='ltr'>et</span> <span class='ocrx_word' id='word_1_74' title='bbox 862 1268 893 1326; x_wconf 92' lang='lat' dir='ltr'>in</span> <span class='ocrx_word' id='word_1_75' title='bbox 921 1268 1109 1341; x_wconf 78' lang='lat' dir='ltr'>Trapezitioa</span> <span class='ocrx_word' id='word_1_76' title='bbox 1139 1269 1273 1326; x_wconf 89' lang='lat' dir='ltr'>oratione</span> <span class='ocrx_word' id='word_1_77' title='bbox 1304 1284 1418 1339; x_wconf 90' lang='lat' dir='ltr'>quoque</span> 
     </span>
     <span class='ocr_line' id='line_1_10' title="bbox 237 1368 1294 1446; baseline 0.001 -14"><span class='ocrx_word' id='word_1_78' title='bbox 237 1380 381 1444; x_wconf 84' lang='lat' dir='ltr'>seruatur,</span> <span class='ocrx_word' id='word_1_79' title='bbox 404 1379 548 1433; x_wconf 84' lang='lat' dir='ltr'>mutatum</span> <span class='ocrx_word' id='word_1_80' title='bbox 571 1390 637 1432; x_wconf 91' lang='lat' dir='ltr'>esse</span> <span class='ocrx_word' id='word_1_81' title='bbox 660 1374 698 1432; x_wconf 87' lang='lat' dir='ltr'><strong><em>ad</em></strong></span> <span class='ocrx_word' id='word_1_82' title='bbox 721 1375 868 1432; x_wconf 88' lang='lat' dir='ltr'>uocalium</span> <span class='ocrx_word' id='word_1_83' title='bbox 891 1392 1060 1434; x_wconf 88' lang='lat' dir='ltr'>concursum</span> <span class='ocrx_word' id='word_1_84' title='bbox 1084 1368 1294 1446; x_wconf 60' lang='lat' dir='ltr'>evitandumi)</span> 
     </span>
    </p>

    <p class='ocr_par' dir='ltr' id='par_1_4' title="bbox 233 1465 1421 3809">
     <span class='ocr_line' id='line_1_11' title="bbox 325 1465 1418 1564; baseline 0 -26"><span class='ocrx_word' id='word_1_85' title='bbox 325 1480 362 1538; x_wconf 91' lang='lat' dir='ltr'><strong><em>In</em></strong></span> <span class='ocrx_word' id='word_1_86' title='bbox 393 1478 411 1553; x_wconf 66' lang='grc' dir='ltr'>ξ</span> <span class='ocrx_word' id='word_1_87' title='bbox 444 1483 462 1540; x_wconf 84' lang='grc'><strong>3</strong></span> <span class='ocrx_word' id='word_1_88' title='bbox 508 1473 567 1563; x_wconf 76' lang='grc' dir='ltr'><strong><em>της</em></strong></span> <span class='ocrx_word' id='word_1_89' title='bbox 604 1465 822 1557; x_wconf 78' lang='grc' dir='ltr'><strong><em>δυνάμεως</em></strong></span> <span class='ocrx_word' id='word_1_90' title='bbox 858 1470 1091 1558; x_wconf 69' lang='grc' dir='ltr'><strong><em>ἐπιμελεῖσθαι</em></strong></span> <span class='ocrx_word' id='word_1_91' title='bbox 1137 1474 1212 1564; x_wconf 81' lang='grc' dir='ltr'><strong><em>της</em></strong></span> <span class='ocrx_word' id='word_1_92' title='bbox 1243 1472 1418 1539; x_wconf 71' lang='grc' dir='ltr'><strong><em>ἐκείνοι.</em></strong></span> 
     </span>
     <span class='ocr_line' id='line_1_12' title="bbox 237 1569 1414 1670; baseline -0.001 -24"><span class='ocrx_word' id='word_1_93' title='bbox 237 1583 297 1660; x_wconf 76' lang='lat'><strong><em>§9</em></strong></span> <span class='ocrx_word' id='word_1_94' title='bbox 338 1579 608 1667; x_wconf 77' lang='grc' dir='ltr'><em>προσπέμπω</em></span> <span class='ocrx_word' id='word_1_95' title='bbox 644 1572 832 1670; x_wconf 71' lang='grc' dir='ltr'><strong><em>Φιλόμηλον</em></strong></span> <span class='ocrx_word' id='word_1_96' title='bbox 862 1569 971 1668; x_wconf 59' lang='lat' dir='ltr'>osopi</span> <span class='ocrx_word' id='word_1_97' title='bbox 1001 1580 1058 1646; x_wconf 90' lang='grc' dir='ltr'><strong><em>καὶ</em></strong></span> <span class='ocrx_word' id='word_1_98' title='bbox 1088 1581 1279 1662; x_wconf 73' lang='grc' dir='ltr'><strong><em>Μενέξενον.</em></strong></span> <span class='ocrx_word' id='word_1_99' title='bbox 1335 1585 1414 1660; x_wconf 73' lang='lat'><strong><em>§11</em></strong></span> 
     </span>
     <span class='ocr_line' id='line_1_13' title="bbox 238 1675 1419 1776; baseline 0.002 -25"><span class='ocrx_word' id='word_1_100' title='bbox 238 1679 301 1752; x_wconf 81' lang='grc' dir='ltr'><strong><em>δτι</em></strong></span> <span class='ocrx_word' id='word_1_101' title='bbox 333 1691 481 1776; x_wconf 77' lang='grc' dir='ltr'><strong><em>φανερῶς</em></strong></span> <span class='ocrx_word' id='word_1_102' title='bbox 512 1675 589 1776; x_wconf 74' lang='grc' dir='ltr'><strong><em>η’δη</em></strong></span> <span class='ocrx_word' id='word_1_103' title='bbox 623 1681 750 1775; x_wconf 77' lang='grc' dir='ltr'><strong><em>πράξω.</em></strong></span> <span class='ocrx_word' id='word_1_104' title='bbox 819 1693 836 1769; x_wconf 67' lang='grc' dir='ltr'>ξ</span> <span class='ocrx_word' id='word_1_105' title='bbox 864 1696 901 1755; x_wconf 89' lang='grc'><strong><em>11</em></strong></span> <span class='ocrx_word' id='word_1_106' title='bbox 943 1681 1079 1767; x_wconf 74' lang='grc' dir='ltr'><strong><em>οδτως</em></strong></span> <span class='ocrx_word' id='word_1_107' title='bbox 1110 1680 1269 1754; x_wconf 70' lang='grc' dir='ltr'><strong><em>ἁπάντων</em></strong></span> <span class='ocrx_word' id='word_1_108' title='bbox 1299 1712 1419 1772; x_wconf 88' lang='grc' dir='ltr'><strong><em>μετα-</em></strong></span> 
     </span>
     <span class='ocr_line' id='line_1_14' title="bbox 236 1784 1421 1886; baseline 0.003 -28"><span class='ocrx_word' id='word_1_109' title='bbox 236 1792 353 1877; x_wconf 81' lang='grc' dir='ltr'><em>μέλει</em></span> <span class='ocrx_word' id='word_1_110' title='bbox 385 1797 451 1859; x_wconf 90' lang='grc' dir='ltr'><strong><em>τῶν</em></strong></span> <span class='ocrx_word' id='word_1_111' title='bbox 483 1793 733 1883; x_wconf 78' lang='grc' dir='ltr'><strong><em>πεπραγμένων,</em></strong></span> <span class='ocrx_word' id='word_1_112' title='bbox 770 1787 863 1860; x_wconf 83' lang='grc' dir='ltr'><strong><em>δίστε.</em></strong></span> <span class='ocrx_word' id='word_1_113' title='bbox 910 1800 927 1875; x_wconf 69' lang='grc' dir='ltr'>ἓ</span> <span class='ocrx_word' id='word_1_114' title='bbox 953 1803 992 1862; x_wconf 85' lang='grc'><strong><em>17</em></strong></span> <span class='ocrx_word' id='word_1_115' title='bbox 1027 1790 1083 1861; x_wconf 86' lang='grc' dir='ltr'><strong><em>διδ</em></strong></span> <span class='ocrx_word' id='word_1_116' title='bbox 1115 1784 1214 1860; x_wconf 65' lang='grc' dir='ltr'><strong><em>τοῖνδ’</em></strong></span> <span class='ocrx_word' id='word_1_117' title='bbox 1244 1786 1421 1886; x_wconf 73' lang='grc' dir='ltr'><strong><em>ἡγούμενος</em></strong></span> 
     </span>
     <span class='ocr_line' id='line_1_15' title="bbox 238 1888 1415 1993; baseline 0.005 -29"><span class='ocrx_word' id='word_1_118' title='bbox 238 1888 440 1984; x_wconf 80' lang='grc' dir='ltr'><strong><em>οδδεμίαν</em></strong></span> <span class='ocrx_word' id='word_1_119' title='bbox 463 1889 551 1988; x_wconf 58' lang='lat' dir='ltr'>crispi</span> <span class='ocrx_word' id='word_1_120' title='bbox 575 1899 788 1990; x_wconf 80' lang='grc' dir='ltr'><strong><em>σωτηρίαν</em></strong></span> <span class='ocrx_word' id='word_1_121' title='bbox 811 1895 906 1968; x_wconf 73' lang='grc' dir='ltr'><strong><em>εἶναι.</em></strong></span> <span class='ocrx_word' id='word_1_122' title='bbox 940 1906 958 1982; x_wconf 64' lang='grc' dir='ltr'>ἓ</span> <span class='ocrx_word' id='word_1_123' title='bbox 984 1909 1023 1968; x_wconf 88' lang='grc'><strong><em>18</em></strong></span> <span class='ocrx_word' id='word_1_124' title='bbox 1049 1891 1171 1967; x_wconf 75' lang='grc' dir='ltr'><strong><em>ὅντιν’</em></strong></span> <span class='ocrx_word' id='word_1_125' title='bbox 1196 1896 1236 1967; x_wconf 80' lang='grc' dir='ltr'><strong><em>δν</em></strong></span> <span class='ocrx_word' id='word_1_126' title='bbox 1259 1897 1415 1993; x_wconf 73' lang='grc' dir='ltr'><strong><em>βούληται</em></strong></span> 
     </span>
     <span class='ocr_line' id='line_1_16' title="bbox 236 1995 1418 2098; baseline 0.003 -27"><span class='ocrx_word' id='word_1_127' title='bbox 236 2000 402 2094; x_wconf 77' lang='grc' dir='ltr'><strong><em>τρόπον,</em></strong></span> <span class='ocrx_word' id='word_1_128' title='bbox 437 1999 540 2086; x_wconf 76' lang='grc' dir='ltr'><strong><em>ὅπως.</em></strong></span> <span class='ocrx_word' id='word_1_129' title='bbox 600 2012 683 2089; x_wconf 74' lang='lat'><strong><em>§19</em></strong></span> <span class='ocrx_word' id='word_1_130' title='bbox 717 1997 770 2098; x_wconf 68' lang='grc' dir='ltr'><strong><em>ἐφ’</em></strong></span> <span class='ocrx_word' id='word_1_131' title='bbox 803 1995 865 2095; x_wconf 73' lang='grc' dir='ltr'><strong><em>ᾧτε</em></strong></span> <span class='ocrx_word' id='word_1_132' title='bbox 896 2000 1262 2096; x_wconf 81' lang='grc' dir='ltr'><strong><em>καταγιγνώσκειν</em></strong></span> <span class='ocrx_word' id='word_1_133' title='bbox 1295 2000 1418 2098; x_wconf 59' lang='lat' dir='ltr'>ipsit?</span> 
     </span>
     <span class='ocr_line' id='line_1_17' title="bbox 237 2103 1418 2205; baseline 0.003 -27"><span class='ocrx_word' id='word_1_134' title='bbox 237 2103 364 2179; x_wconf 68' lang='grc' dir='ltr'><strong><em>αὐτοῦ</em></strong></span> <span class='ocrx_word' id='word_1_135' title='bbox 395 2109 437 2179; x_wconf 78' lang='grc' dir='ltr'><strong><em>τοὶ</em></strong></span> <span class='ocrx_word' id='word_1_136' title='bbox 465 2107 629 2204; x_wconf 77' lang='grc' dir='ltr'><strong><em>χρήματα.</em></strong></span> <span class='ocrx_word' id='word_1_137' title='bbox 675 2120 692 2196; x_wconf 69' lang='grc' dir='ltr'>ἓ</span> <span class='ocrx_word' id='word_1_138' title='bbox 717 2125 757 2182; x_wconf 86' lang='grc'><strong><em>22</em></strong></span> <span class='ocrx_word' id='word_1_139' title='bbox 788 2114 845 2180; x_wconf 83' lang='grc' dir='ltr'><strong><em>καὶ</em></strong></span> <span class='ocrx_word' id='word_1_140' title='bbox 876 2120 936 2205; x_wconf 75' lang='grc' dir='ltr'><strong><em>της</em></strong></span> <span class='ocrx_word' id='word_1_141' title='bbox 958 2114 1052 2205; x_wconf 85' lang='grc' dir='ltr'><strong><em>δίκης</em></strong></span> <span class='ocrx_word' id='word_1_142' title='bbox 1074 2113 1240 2204; x_wconf 76' lang='grc' dir='ltr'><strong><em>ἐκείνης</em></strong></span> <span class='ocrx_word' id='word_1_143' title='bbox 1263 2113 1418 2182; x_wconf 72' lang='grc' dir='ltr'><strong><em>ἐδεδοίκει</em></strong></span> 
     </span>
     <span class='ocr_line' id='line_1_18' title="bbox 235 2211 1419 2312; baseline 0.003 -26"><span class='ocrx_word' id='word_1_144' title='bbox 235 2225 308 2312; x_wconf 74' lang='grc' dir='ltr'><strong><em>τῆς</em></strong></span> <span class='ocrx_word' id='word_1_145' title='bbox 338 2219 597 2311; x_wconf 84' lang='grc' dir='ltr'><strong><em>εὶλεγμένης,</em></strong></span> <span class='ocrx_word' id='word_1_146' title='bbox 623 2212 718 2288; x_wconf 73' lang='grc' dir='ltr'><strong><em>ἄλλα.</em></strong></span> <span class='ocrx_word' id='word_1_147' title='bbox 764 2228 846 2304; x_wconf 73' lang='lat'><strong><em>§23</em></strong></span> <span class='ocrx_word' id='word_1_148' title='bbox 881 2211 948 2288; x_wconf 69' lang='grc' dir='ltr'><strong><em>οἵτ’</em></strong></span> <span class='ocrx_word' id='word_1_149' title='bbox 982 2215 1094 2288; x_wconf 86' lang='grc' dir='ltr'><strong><em>είναι</em></strong></span> <span class='ocrx_word' id='word_1_150' title='bbox 1118 2216 1201 2309; x_wconf 84' lang='grc' dir='ltr'><strong><em>πρὸς</em></strong></span> <span class='ocrx_word' id='word_1_151' title='bbox 1229 2211 1279 2305; x_wconf 70' lang='grc' dir='ltr'><strong><em>ἔμ’</em></strong></span> <span class='ocrx_word' id='word_1_152' title='bbox 1304 2211 1419 2311; x_wconf 58' lang='lat' dir='ltr'>crispi</span> 
     </span>
     <span class='ocr_line' id='line_1_19' title="bbox 236 2315 1418 2421; baseline 0 -27"><span class='ocrx_word' id='word_1_153' title='bbox 236 2321 436 2414; x_wconf 69' lang='lat' dir='ltr'>stupidiores</span> <span class='ocrx_word' id='word_1_154' title='bbox 459 2318 562 2395; x_wconf 83' lang='grc' dir='ltr'><strong><em>οδδέν.</em></strong></span> <span class='ocrx_word' id='word_1_155' title='bbox 601 2335 618 2411; x_wconf 67' lang='grc' dir='ltr'>ξ</span> <span class='ocrx_word' id='word_1_156' title='bbox 643 2339 684 2397; x_wconf 92' lang='grc'><strong><em>26</em></strong></span> <span class='ocrx_word' id='word_1_157' title='bbox 708 2326 801 2418; x_wconf 76' lang='grc' dir='ltr'><strong><em>εἴπερ</em></strong></span> <span class='ocrx_word' id='word_1_158' title='bbox 824 2320 1154 2421; x_wconf 70' lang='grc' dir='ltr'><strong><em>ἀπηλλαγμένος</em></strong></span> <span class='ocrx_word' id='word_1_159' title='bbox 1177 2315 1226 2418; x_wconf 72' lang='grc' dir='ltr'><strong><em>ἥδ</em></strong></span> <span class='ocrx_word' id='word_1_160' title='bbox 1234 2355 1253 2418; x_wconf 99' lang='grc' dir='ltr'><strong><em>η</em></strong></span> <span class='ocrx_word' id='word_1_161' title='bbox 1275 2327 1418 2394; x_wconf 87' lang='grc' dir='ltr'><strong><em>Πασίων</em></strong></span> 
     </span>
     <span class='ocr_line' id='line_1_20' title="bbox 236 2426 1415 2528; baseline 0 -28"><span class='ocrx_word' id='word_1_162' title='bbox 236 2426 282 2525; x_wconf 74' lang='grc' dir='ltr'><strong><em>ἦν</em></strong></span> <span class='ocrx_word' id='word_1_163' title='bbox 310 2440 377 2501; x_wconf 90' lang='grc' dir='ltr'><strong><em>τῶν</em></strong></span> <span class='ocrx_word' id='word_1_164' title='bbox 407 2430 629 2527; x_wconf 80' lang='grc' dir='ltr'><strong><em>ἐγκλημάτων.</em></strong></span> <span class='ocrx_word' id='word_1_165' title='bbox 676 2442 693 2519; x_wconf 64' lang='grc' dir='ltr'><strong>ἓ</strong></span> <span class='ocrx_word' id='word_1_166' title='bbox 718 2445 758 2505; x_wconf 91' lang='grc'><strong><em>21</em></strong></span> <span class='ocrx_word' id='word_1_167' title='bbox 790 2433 863 2528; x_wconf 76' lang='grc' dir='ltr'><strong><em>την</em></strong></span> <span class='ocrx_word' id='word_1_168' title='bbox 886 2427 1015 2526; x_wconf 73' lang='grc' dir='ltr'><strong><em>αδτην</em></strong></span> <span class='ocrx_word' id='word_1_169' title='bbox 1039 2432 1190 2502; x_wconf 83' lang='grc' dir='ltr'><strong><em>Πασίωνι</em></strong></span> <span class='ocrx_word' id='word_1_170' title='bbox 1224 2435 1415 2524; x_wconf 71' lang='grc' dir='ltr'><strong><em>ψευδομένην</em></strong></span> 
     </span>
     <span class='ocr_line' id='line_1_21' title="bbox 237 2530 1419 2635; baseline 0 -27"><span class='ocrx_word' id='word_1_171' title='bbox 237 2540 405 2630; x_wconf 66' lang='grc' dir='ltr'><strong><em>γίγνεσθαι</em></strong></span> <span class='ocrx_word' id='word_1_172' title='bbox 431 2541 599 2632; x_wconf 78' lang='grc' dir='ltr'><strong><em>ζημίαν,</em></strong></span> <span class='ocrx_word' id='word_1_173' title='bbox 625 2530 741 2635; x_wconf 71' lang='grc' dir='ltr'><strong><em>ἧσπερ.</em></strong></span> <span class='ocrx_word' id='word_1_174' title='bbox 774 2550 792 2625; x_wconf 64' lang='grc' dir='ltr'><strong><em>ξ</em></strong></span> <span class='ocrx_word' id='word_1_175' title='bbox 817 2553 857 2611; x_wconf 89' lang='grc'><strong><em>28</em></strong></span> <span class='ocrx_word' id='word_1_176' title='bbox 881 2539 939 2610; x_wconf 82' lang='grc' dir='ltr'><strong><em>ἐδν</em></strong></span> <span class='ocrx_word' id='word_1_177' title='bbox 962 2543 999 2609; x_wconf 78' lang='grc' dir='ltr'><strong><em>δὲ</em></strong></span> <span class='ocrx_word' id='word_1_178' title='bbox 1022 2537 1157 2633; x_wconf 78' lang='grc' dir='ltr'><strong><em>μηδην</em></strong></span> <span class='ocrx_word' id='word_1_179' title='bbox 1180 2539 1236 2631; x_wconf 75' lang='grc' dir='ltr'><strong><em>ἔχη</em></strong></span> <span class='ocrx_word' id='word_1_180' title='bbox 1255 2535 1419 2608; x_wconf 79' lang='grc' dir='ltr'><strong><em>τούτων</em></strong></span> 
     </span>
     <span class='ocr_line' id='line_1_22' title="bbox 234 2638 1419 2739; baseline 0.001 -24"><span class='ocrx_word' id='word_1_181' title='bbox 234 2640 311 2734; x_wconf 82' lang='grc' dir='ltr'><strong><em>δμίν</em></strong></span> <span class='ocrx_word' id='word_1_182' title='bbox 333 2639 543 2739; x_wconf 67' lang='grc' dir='ltr'><strong><em>ἀποφαίνειν.</em></strong></span> <span class='ocrx_word' id='word_1_183' title='bbox 590 2654 607 2731; x_wconf 68' lang='lat'>5</span> <span class='ocrx_word' id='word_1_184' title='bbox 632 2659 672 2717; x_wconf 88' lang='lat'><strong><em>35</em></strong></span> <span class='ocrx_word' id='word_1_185' title='bbox 696 2644 891 2736; x_wconf 75' lang='grc' dir='ltr'><strong><em>βουλόμενος</em></strong></span> <span class='ocrx_word' id='word_1_186' title='bbox 914 2650 1041 2716; x_wconf 70' lang='grc' dir='ltr'><strong><em>ἐκεῖθεν</em></strong></span> <span class='ocrx_word' id='word_1_187' title='bbox 1065 2640 1111 2727; x_wconf 85' lang='grc' dir='ltr'><strong><em>ῶς</em></strong></span> <span class='ocrx_word' id='word_1_188' title='bbox 1133 2638 1299 2716; x_wconf 69' lang='grc' dir='ltr'><strong><em>πλεῖστ’</em></strong></span> <span class='ocrx_word' id='word_1_189' title='bbox 1322 2649 1419 2716; x_wconf 88' lang='grc' dir='ltr'><strong><em>ἐκκο-</em></strong></span> 
     </span>
     <span class='ocr_line' id='line_1_23' title="bbox 233 2748 1420 2847; baseline 0.002 -25"><span class='ocrx_word' id='word_1_190' title='bbox 233 2754 404 2841; x_wconf 71' lang='grc' dir='ltr'><strong><em>μίσασθαι</em></strong></span> <span class='ocrx_word' id='word_1_191' title='bbox 432 2762 513 2822; x_wconf 89' lang='grc' dir='ltr'><strong><em>τῶν</em></strong></span> <span class='ocrx_word' id='word_1_192' title='bbox 542 2751 780 2847; x_wconf 82' lang='grc' dir='ltr'><strong><em>χρημάτων,</em></strong></span> <span class='ocrx_word' id='word_1_193' title='bbox 812 2752 963 2847; x_wconf 71' lang='grc' dir='ltr'><strong><em>ἐδεήθην.</em></strong></span> <span class='ocrx_word' id='word_1_194' title='bbox 1020 2761 1039 2837; x_wconf 67' lang='grc' dir='ltr'><strong>ἓ</strong></span> <span class='ocrx_word' id='word_1_195' title='bbox 1064 2766 1105 2824; x_wconf 90' lang='grc'><strong><em>36</em></strong></span> <span class='ocrx_word' id='word_1_196' title='bbox 1136 2749 1242 2844; x_wconf 79' lang='grc' dir='ltr'><strong><em>ταύτην</em></strong></span> <span class='ocrx_word' id='word_1_197' title='bbox 1271 2756 1332 2842; x_wconf 78' lang='grc' dir='ltr'><strong><em>μὲν</em></strong></span> <span class='ocrx_word' id='word_1_198' title='bbox 1363 2748 1420 2824; x_wconf 72' lang='grc' dir='ltr'><strong><em>οὖν</em></strong></span> 
     </span>
     <span class='ocr_line' id='line_1_24' title="bbox 237 2852 1418 2954; baseline 0.002 -27"><span class='ocrx_word' id='word_1_199' title='bbox 237 2852 357 2929; x_wconf 83' lang='grc' dir='ltr'><strong><em>οδδέν</em></strong></span> <span class='ocrx_word' id='word_1_200' title='bbox 379 2854 522 2952; x_wconf 70' lang='grc' dir='ltr'><strong><em>ἡγοῦμαι</em></strong></span> <span class='ocrx_word' id='word_1_201' title='bbox 545 2854 633 2930; x_wconf 62' lang='grc' dir='ltr'><strong><em>τοῦτ)</em></strong></span> <span class='ocrx_word' id='word_1_202' title='bbox 657 2858 738 2931; x_wconf 80' lang='grc' dir='ltr'><strong><em>εἶναι</em></strong></span> <span class='ocrx_word' id='word_1_203' title='bbox 763 2870 948 2954; x_wconf 85' lang='grc' dir='ltr'><strong><em>σημεῖον,</em></strong></span> <span class='ocrx_word' id='word_1_204' title='bbox 970 2855 1024 2943; x_wconf 86' lang='grc' dir='ltr'><strong><em>ῶς.</em></strong></span> <span class='ocrx_word' id='word_1_205' title='bbox 1062 2869 1080 2945; x_wconf 63' lang='grc' dir='ltr'><strong>ἕ</strong></span> <span class='ocrx_word' id='word_1_206' title='bbox 1104 2872 1145 2931; x_wconf 83' lang='grc'><strong><em>37</em></strong></span> <span class='ocrx_word' id='word_1_207' title='bbox 1170 2863 1278 2931; x_wconf 91' lang='grc' dir='ltr'><strong><em>καίτοι</em></strong></span> <span class='ocrx_word' id='word_1_208' title='bbox 1299 2861 1329 2929; x_wconf 81' lang='grc' dir='ltr'><strong><em>εἰ</em></strong></span> <span class='ocrx_word' id='word_1_209' title='bbox 1346 2892 1418 2953; x_wconf 90' lang='grc' dir='ltr'><strong><em>μη-</em></strong></span> 
     </span>
     <span class='ocr_line' id='line_1_25' title="bbox 236 2959 1415 3058; baseline 0 -23"><span class='ocrx_word' id='word_1_210' title='bbox 236 2972 256 3035; x_wconf 90' lang='grc' dir='ltr'><strong><em>δ</em></strong></span> <span class='ocrx_word' id='word_1_211' title='bbox 264 2970 306 3036; x_wconf 80' lang='grc' dir='ltr'><strong><em>ἐν</em></strong></span> <span class='ocrx_word' id='word_1_212' title='bbox 328 2968 432 3037; x_wconf 68' lang='grc' dir='ltr'><strong><em>ἔκειτο</em></strong></span> <span class='ocrx_word' id='word_1_213' title='bbox 456 2959 535 3057; x_wconf 73' lang='grc' dir='ltr'><strong><em>παρ’</em></strong></span> <span class='ocrx_word' id='word_1_214' title='bbox 561 2959 649 3058; x_wconf 72' lang='grc' dir='ltr'><strong><em>αὐτῷ</em></strong></span> <span class='ocrx_word' id='word_1_215' title='bbox 673 2975 753 3037; x_wconf 90' lang='grc' dir='ltr'><strong><em>τῶν</em></strong></span> <span class='ocrx_word' id='word_1_216' title='bbox 776 2971 893 3056; x_wconf 85' lang='grc' dir='ltr'><strong><em>ἐμῶν,</em></strong></span> <span class='ocrx_word' id='word_1_217' title='bbox 920 2961 1032 3055; x_wconf 44' lang='grc' dir='ltr'><strong><em>οίεσδ)Ὶ</em></strong></span> <span class='ocrx_word' id='word_1_218' title='bbox 1052 2966 1101 3036; x_wconf 77' lang='lat' dir='ltr'><strong><em>dv.</em></strong></span> <span class='ocrx_word' id='word_1_219' title='bbox 1141 2977 1158 3053; x_wconf 67' lang='grc' dir='ltr'>ξ</span> <span class='ocrx_word' id='word_1_220' title='bbox 1179 2981 1218 3038; x_wconf 88' lang='grc'><strong><em>39</em></strong></span> <span class='ocrx_word' id='word_1_221' title='bbox 1242 2962 1415 3036; x_wconf 79' lang='grc' dir='ltr'><strong><em>διιολοι’-</em></strong></span> 
     </span>
     <span class='ocr_line' id='line_1_26' title="bbox 236 3064 1413 3168; baseline -0.001 -26"><span class='ocrx_word' id='word_1_222' title='bbox 236 3101 312 3143; x_wconf 85' lang='grc' dir='ltr'><strong><em>που</em></strong></span> <span class='ocrx_word' id='word_1_223' title='bbox 344 3067 374 3143; x_wconf 77' lang='grc' dir='ltr'><strong><em>δ’</em></strong></span> <span class='ocrx_word' id='word_1_224' title='bbox 399 3066 529 3156; x_wconf 80' lang='grc' dir='ltr'><strong><em>οδδενὸς</em></strong></span> <span class='ocrx_word' id='word_1_225' title='bbox 557 3064 679 3157; x_wconf 80' lang='grc' dir='ltr'><strong><em>δντος</em></strong></span> <span class='ocrx_word' id='word_1_226' title='bbox 706 3103 788 3162; x_wconf 89' lang='grc' dir='ltr'><strong><em>μοι.</em></strong></span> <span class='ocrx_word' id='word_1_227' title='bbox 834 3080 917 3161; x_wconf 70' lang='lat'><strong><em>§35</em></strong></span> <span class='ocrx_word' id='word_1_228' title='bbox 952 3068 997 3156; x_wconf 85' lang='grc' dir='ltr'><strong><em>ῶς</em></strong></span> <span class='ocrx_word' id='word_1_229' title='bbox 1026 3073 1065 3144; x_wconf 90' lang='grc' dir='ltr'><strong><em>τδ</em></strong></span> <span class='ocrx_word' id='word_1_230' title='bbox 1088 3072 1250 3168; x_wconf 79' lang='grc' dir='ltr'><strong><em>παράπαν</em></strong></span> <span class='ocrx_word' id='word_1_231' title='bbox 1273 3065 1342 3142; x_wconf 53' lang='grc' dir='ltr'><strong><em>οδδ)</em></strong></span> <span class='ocrx_word' id='word_1_232' title='bbox 1366 3066 1413 3166; x_wconf 67' lang='grc' dir='ltr'><strong><em>ἦν</em></strong></span> 
     </span>
     <span class='ocr_line' id='line_1_27' title="bbox 236 3173 1414 3273; baseline 0.001 -25"><span class='ocrx_word' id='word_1_233' title='bbox 236 3177 357 3249; x_wconf 65' lang='grc' dir='ltr'><strong><em>ἐνθάδε</em></strong></span> <span class='ocrx_word' id='word_1_234' title='bbox 384 3209 454 3268; x_wconf 92' lang='grc' dir='ltr'><strong><em>μοι</em></strong></span> <span class='ocrx_word' id='word_1_235' title='bbox 481 3176 632 3273; x_wconf 75' lang='grc' dir='ltr'><strong><em>χρήματα</em></strong></span> <span class='ocrx_word' id='word_1_236' title='bbox 658 3191 702 3265; x_wconf 89' lang='lat' dir='ltr'>(in</span> <span class='ocrx_word' id='word_1_237' title='bbox 724 3187 743 3267; x_wconf 67' lang='grc' dir='ltr'><strong>ἓ</strong></span> <span class='ocrx_word' id='word_1_238' title='bbox 767 3195 818 3266; x_wconf 83' lang='grc'><strong><em>36,</em></strong></span> <span class='ocrx_word' id='word_1_239' title='bbox 841 3194 892 3252; x_wconf 88' lang='lat' dir='ltr'>ubi</span> <span class='ocrx_word' id='word_1_240' title='bbox 914 3193 976 3251; x_wconf 88' lang='lat' dir='ltr'>cod.</span> <span class='ocrx_word' id='word_1_241' title='bbox 999 3193 1101 3253; x_wconf 82' lang='lat' dir='ltr'>Urbim.</span> <span class='ocrx_word' id='word_1_242' title='bbox 1126 3194 1260 3252; x_wconf 85' lang='lat' dir='ltr'>exhibet:</span> <span class='ocrx_word' id='word_1_243' title='bbox 1286 3175 1331 3263; x_wconf 86' lang='grc' dir='ltr'><strong><em>ῶς</em></strong></span> <span class='ocrx_word' id='word_1_244' title='bbox 1354 3173 1414 3250; x_wconf 76' lang='grc' dir='ltr'><strong><em>οὖν.</em></strong></span> 
     </span>
     <span class='ocr_line' id='line_1_28' title="bbox 235 3279 1417 3381; baseline 0.005 -28"><span class='ocrx_word' id='word_1_245' title='bbox 235 3279 275 3379; x_wconf 77' lang='grc' dir='ltr'><strong><em>ἦν</em></strong></span> <span class='ocrx_word' id='word_1_246' title='bbox 304 3314 362 3374; x_wconf 93' lang='grc' dir='ltr'><strong><em>μοι</em></strong></span> <span class='ocrx_word' id='word_1_247' title='bbox 394 3284 516 3356; x_wconf 66' lang='lat' dir='ltr'>ivodio</span> <span class='ocrx_word' id='word_1_248' title='bbox 546 3284 697 3381; x_wconf 76' lang='grc' dir='ltr'><strong><em>χρήματα</em></strong></span> <span class='ocrx_word' id='word_1_249' title='bbox 734 3306 815 3359; x_wconf 89' lang='lat' dir='ltr'>recte</span> <span class='ocrx_word' id='word_1_250' title='bbox 847 3301 981 3359; x_wconf 87' lang='lat' dir='ltr'>Blassius</span> <span class='ocrx_word' id='word_1_251' title='bbox 1013 3303 1105 3359; x_wconf 86' lang='lat' dir='ltr'>verba</span> <span class='ocrx_word' id='word_1_252' title='bbox 1136 3319 1194 3378; x_wconf 93' lang='grc' dir='ltr'><strong><em>μοι</em></strong></span> <span class='ocrx_word' id='word_1_253' title='bbox 1231 3308 1262 3359; x_wconf 86' lang='lat' dir='ltr'>et</span> <span class='ocrx_word' id='word_1_254' title='bbox 1294 3286 1417 3359; x_wconf 75' lang='grc' dir='ltr'><strong><em>ἐνδοίδε</em></strong></span> 
     </span>
     <span class='ocr_line' id='line_1_29' title="bbox 235 3389 1414 3489; baseline 0.004 -29"><span class='ocrx_word' id='word_1_255' title='bbox 235 3404 449 3477; x_wconf 85' lang='lat' dir='ltr'>transposuit);</span> <span class='ocrx_word' id='word_1_256' title='bbox 482 3405 518 3464; x_wconf 85' lang='lat' dir='ltr'><strong><em>cf.</em></strong></span> <span class='ocrx_word' id='word_1_257' title='bbox 548 3406 587 3464; x_wconf 81' lang='lat' dir='ltr'><strong><em>ad</em></strong></span> <span class='ocrx_word' id='word_1_258' title='bbox 617 3407 700 3465; x_wconf 87' lang='lat' dir='ltr'>illum</span> <span class='ocrx_word' id='word_1_259' title='bbox 723 3408 819 3465; x_wconf 88' lang='lat' dir='ltr'>locum</span> <span class='ocrx_word' id='word_1_260' title='bbox 841 3406 859 3483; x_wconf 66' lang='grc' dir='ltr'>ξ</span> <span class='ocrx_word' id='word_1_261' title='bbox 882 3408 924 3464; x_wconf 90' lang='grc'><strong><em>44</em></strong></span> <span class='ocrx_word' id='word_1_262' title='bbox 958 3389 1003 3478; x_wconf 84' lang='grc' dir='ltr'><strong><em>ῶς</em></strong></span> <span class='ocrx_word' id='word_1_263' title='bbox 1024 3399 1085 3484; x_wconf 78' lang='grc' dir='ltr'><strong><em>μὲν</em></strong></span> <span class='ocrx_word' id='word_1_264' title='bbox 1108 3398 1213 3465; x_wconf 79' lang='grc' dir='ltr'><strong><em>τοίνυν</em></strong></span> <span class='ocrx_word' id='word_1_265' title='bbox 1236 3390 1276 3489; x_wconf 77' lang='grc' dir='ltr'><strong><em>ἦν</em></strong></span> <span class='ocrx_word' id='word_1_266' title='bbox 1299 3400 1336 3465; x_wconf 79' lang='grc' dir='ltr'><strong><em>τί</em></strong></span> <span class='ocrx_word' id='word_1_267' title='bbox 1357 3426 1414 3483; x_wconf 91' lang='grc' dir='ltr'><strong><em>μοι</em></strong></span> 
     </span>
     <span class='ocr_line' id='line_1_30' title="bbox 235 3488 1414 3595; baseline 0.003 -29"><span class='ocrx_word' id='word_1_268' title='bbox 235 3498 345 3568; x_wconf 78' lang='grc' dir='ltr'><strong><em>πολλοὶ</em></strong></span> <span class='ocrx_word' id='word_1_269' title='bbox 366 3494 506 3595; x_wconf 70' lang='grc' dir='ltr'><strong><em>χρήματ’</em></strong></span> <span class='ocrx_word' id='word_1_270' title='bbox 529 3500 660 3571; x_wconf 76' lang='grc' dir='ltr'><strong><em>ἐνθάδε.</em></strong></span> <span class='ocrx_word' id='word_1_271' title='bbox 720 3510 738 3588; x_wconf 63' lang='grc' dir='ltr'><strong>ἓ</strong></span> <span class='ocrx_word' id='word_1_272' title='bbox 762 3515 803 3572; x_wconf 87' lang='grc'><strong><em>48</em></strong></span> <span class='ocrx_word' id='word_1_273' title='bbox 834 3488 1024 3594; x_wconf 74' lang='grc' dir='ltr'><strong><em>τηνικαῦτοί</em></strong></span> <span class='ocrx_word' id='word_1_274' title='bbox 1043 3505 1093 3590; x_wconf 81' lang='grc' dir='ltr'><strong><em>με’</em></strong></span> <span class='ocrx_word' id='word_1_275' title='bbox 1117 3531 1218 3595; x_wconf 76' lang='grc' dir='ltr'><strong><em>φησιν</em></strong></span> <span class='ocrx_word' id='word_1_276' title='bbox 1241 3495 1414 3593; x_wconf 75' lang='grc' dir='ltr'><strong><em>διγεῖναι</em></strong></span> 
     </span>
     <span class='ocr_line' id='line_1_31' title="bbox 236 3601 1416 3702; baseline 0.001 -28"><span class='ocrx_word' id='word_1_277' title='bbox 236 3603 371 3676; x_wconf 79' lang='grc' dir='ltr'><strong><em>πάντων</em></strong></span> <span class='ocrx_word' id='word_1_278' title='bbox 393 3616 460 3677; x_wconf 86' lang='grc' dir='ltr'><strong><em>τῶν</em></strong></span> <span class='ocrx_word' id='word_1_279' title='bbox 483 3606 695 3702; x_wconf 81' lang='grc' dir='ltr'><strong><em>ἐγκλημάτων</em></strong></span> <span class='ocrx_word' id='word_1_280' title='bbox 718 3603 852 3679; x_wconf 83' lang='grc' dir='ltr'><strong><em>αδτδν.</em></strong></span> <span class='ocrx_word' id='word_1_281' title='bbox 905 3616 923 3696; x_wconf 64' lang='grc' dir='ltr'>ξ</span> <span class='ocrx_word' id='word_1_282' title='bbox 949 3622 988 3679; x_wconf 85' lang='grc'><strong><em>56</em></strong></span> <span class='ocrx_word' id='word_1_283' title='bbox 1020 3614 1151 3701; x_wconf 74' lang='grc' dir='ltr'><strong><em>ψευδεῖς</em></strong></span> <span class='ocrx_word' id='word_1_284' title='bbox 1173 3601 1280 3696; x_wconf 70' lang='grc' dir='ltr'><strong><em>αὐτῷ</em></strong></span> <span class='ocrx_word' id='word_1_285' title='bbox 1305 3635 1416 3698; x_wconf 87' lang='grc' dir='ltr'><strong><em>παρα-</em></strong></span> 
     </span>
     <span class='ocr_line' id='line_1_32' title="bbox 234 3711 656 3809; baseline 0.005 -26"><span class='ocrx_word' id='word_1_286' title='bbox 234 3711 434 3809; x_wconf 70' lang='grc' dir='ltr'><strong><em>καταθήκας</em></strong></span> <span class='ocrx_word' id='word_1_287' title='bbox 456 3718 656 3807; x_wconf 85' lang='grc' dir='ltr'><strong><em>ἐγκαλῶν.</em></strong></span> 
     </span>
    </p>

    <p class='ocr_par' dir='ltr' id='par_1_5' title="bbox 235 3833 1417 4120">
     <span class='ocr_line' id='line_1_33' title="bbox 324 3833 1417 3908; baseline 0.002 -18"><span class='ocrx_word' id='word_1_288' title='bbox 324 3833 458 3906; x_wconf 80' lang='lat' dir='ltr'>Apparet</span> <span class='ocrx_word' id='word_1_289' title='bbox 487 3833 580 3906; x_wconf 84' lang='lat' dir='ltr'>igitur</span> <span class='ocrx_word' id='word_1_290' title='bbox 606 3851 665 3892; x_wconf 91' lang='lat' dir='ltr'><strong><em>non</em></strong></span> <span class='ocrx_word' id='word_1_291' title='bbox 687 3834 787 3908; x_wconf 87' lang='lat' dir='ltr'>paucis</span> <span class='ocrx_word' id='word_1_292' title='bbox 811 3834 884 3892; x_wconf 90' lang='lat' dir='ltr'>locis</span> <span class='ocrx_word' id='word_1_293' title='bbox 908 3837 998 3892; x_wconf 85' lang='lat' dir='ltr'>uerba</span> <span class='ocrx_word' id='word_1_294' title='bbox 1022 3833 1204 3905; x_wconf 84' lang='lat' dir='ltr'>transposita</span> <span class='ocrx_word' id='word_1_295' title='bbox 1227 3848 1292 3891; x_wconf 84' lang='lat' dir='ltr'>esse</span> <span class='ocrx_word' id='word_1_296' title='bbox 1315 3833 1417 3892; x_wconf 83' lang='lat' dir='ltr'>hiatus</span> 
     </span>
     <span class='ocr_line' id='line_1_34' title="bbox 235 3940 1415 4014; baseline 0.002 -17"><span class='ocrx_word' id='word_1_297' title='bbox 235 3940 368 3998; x_wconf 88' lang='lat' dir='ltr'>euitandi</span> <span class='ocrx_word' id='word_1_298' title='bbox 398 3956 496 3999; x_wconf 71' lang='lat' dir='ltr'>caiisa.</span> <span class='ocrx_word' id='word_1_299' title='bbox 541 3942 640 4013; x_wconf 85' lang='lat' dir='ltr'>Atque</span> <span class='ocrx_word' id='word_1_300' title='bbox 671 3941 748 3998; x_wconf 89' lang='lat' dir='ltr'>idem</span> <span class='ocrx_word' id='word_1_301' title='bbox 779 3941 907 3998; x_wconf 87' lang='lat' dir='ltr'>studium</span> <span class='ocrx_word' id='word_1_302' title='bbox 938 3958 954 3998; x_wconf 84' lang='lat' dir='ltr'>e</span> <span class='ocrx_word' id='word_1_303' title='bbox 984 3941 1187 4014; x_wconf 87' lang='lat' dir='ltr'>pronominum</span> <span class='ocrx_word' id='word_1_304' title='bbox 1217 3957 1330 4013; x_wconf 85' lang='lat' dir='ltr'>quoqne</span> <span class='ocrx_word' id='word_1_305' title='bbox 1361 3958 1415 3999; x_wconf 89' lang='lat' dir='ltr'>usu</span> 
     </span>
     <span class='ocr_line' id='line_1_35' title="bbox 235 4046 1414 4120; baseline -0.001 -17"><span class='ocrx_word' id='word_1_306' title='bbox 235 4046 422 4120; x_wconf 77' lang='lat' dir='ltr'>conspicitur,</span> <span class='ocrx_word' id='word_1_307' title='bbox 446 4049 496 4119; x_wconf 88' lang='lat' dir='ltr'>qui</span> <span class='ocrx_word' id='word_1_308' title='bbox 520 4053 566 4106; x_wconf 88' lang='lat' dir='ltr'><strong><em>est</em></strong></span> <span class='ocrx_word' id='word_1_309' title='bbox 589 4048 739 4120; x_wconf 84' lang='lat' dir='ltr'>eiusmodi,</span> <span class='ocrx_word' id='word_1_310' title='bbox 763 4053 797 4104; x_wconf 87' lang='lat' dir='ltr'>ut</span> <span class='ocrx_word' id='word_1_311' title='bbox 820 4064 979 4119; x_wconf 87' lang='lat' dir='ltr'>pronomen</span> <span class='ocrx_word' id='word_1_312' title='bbox 1003 4065 1067 4106; x_wconf 88' lang='lat' dir='ltr'><strong><em>cum</em></strong></span> <span class='ocrx_word' id='word_1_313' title='bbox 1087 4050 1211 4106; x_wconf 87' lang='lat' dir='ltr'>articulo</span> <span class='ocrx_word' id='word_1_314' title='bbox 1231 4049 1414 4106; x_wconf 87' lang='lat' dir='ltr'>coniunctum</span> 
     </span>
    </p>
   </div>
   <div class='ocr_carea' id='block_1_3' title="bbox 325 4180 1048 4338">
    <p class='ocr_par' dir='ltr' id='par_1_6' title="bbox 325 4180 1048 4338">
     <span class='ocr_line' id='line_1_36' title="bbox 326 4180 1048 4250; baseline 0 -13"><span class='ocrx_word' id='word_1_315' title='bbox 326 4183 351 4248; x_wconf 86' lang='lat'><strong><em>1)</em></strong></span> <span class='ocrx_word' id='word_1_316' title='bbox 369 4180 526 4235; x_wconf 82' lang='lat' dir='ltr'>Rehdantz:</span> <span class='ocrx_word' id='word_1_317' title='bbox 546 4180 667 4250; x_wconf 87' lang='lat' dir='ltr'>Philipp.</span> <span class='ocrx_word' id='word_1_318' title='bbox 686 4181 790 4234; x_wconf 86' lang='lat' dir='ltr'>Reden.</span> <span class='ocrx_word' id='word_1_319' title='bbox 810 4181 912 4236; x_wconf 83' lang='lat' dir='ltr'>Index:</span> <span class='ocrx_word' id='word_1_320' title='bbox 932 4180 1048 4238; x_wconf 79' lang='lat' dir='ltr'>Anrede.</span> 
     </span>
     <span class='ocr_line' id='line_1_37' title="bbox 325 4269 884 4338; baseline -0.005 -13"><span class='ocrx_word' id='word_1_321' title='bbox 325 4270 352 4335; x_wconf 79' lang='lat'><strong><em>2)</em></strong></span> <span class='ocrx_word' id='word_1_322' title='bbox 371 4269 457 4325; x_wconf 78' lang='lat' dir='ltr'>Blass.</span> <span class='ocrx_word' id='word_1_323' title='bbox 477 4269 574 4338; x_wconf 80' lang='lat' dir='ltr'>Eloqu.</span> <span class='ocrx_word' id='word_1_324' title='bbox 594 4270 653 4328; x_wconf 75' lang='lat' dir='ltr'>Ate.</span> <span class='ocrx_word' id='word_1_325' title='bbox 673 4270 706 4325; x_wconf 89' lang='grc' dir='ltr'><strong><em>ΙΙ,</em></strong></span> <span class='ocrx_word' id='word_1_326' title='bbox 726 4289 752 4338; x_wconf 93' lang='lat' dir='ltr'><strong><em>p.</em></strong></span> <span class='ocrx_word' id='word_1_327' title='bbox 775 4274 822 4326; x_wconf 82' lang='lat'><strong><em>141</em></strong></span> <span class='ocrx_word' id='word_1_328' title='bbox 845 4288 884 4336; x_wconf 85' lang='lat' dir='ltr'>sq.</span> 
     </span>
    </p>
   </div>
   <div class='ocr_carea' id='block_1_4' title="bbox 0 0 1590 4924">
    <p class='ocr_par' dir='ltr' id='par_1_7' title="bbox 0 0 1590 4924">
     <span class='ocr_line' id='line_1_38' title="bbox 0 0 1590 4924; baseline 0 1"><span class='ocrx_word' id='word_1_329' title='bbox 0 0 1590 4924; x_wconf 95' lang='lat' dir='ltr'><strong><em> </em></strong></span> 
     </span>
    </p>
   </div>
  </div>
 </body>
</html>
