3172 4924
608 344 827 411 2-17*

281 522 522 604 Argumentatio:
623 531 624 534 ’
758 528 775 603 ξ
801 533 851 590 57.
977 524 1034 591 καὶ
1058 522 1092 591 ἕν

125 634 222 709 ἓ54.
334 615 473 708 derisor:
758 636 850 711 §ts
928 631 1002 719 περὶ
1029 622 1137 720 diiyor

237 726 409 826 ἠβουλήθη
433 730 571 817 εἰκάζειν
618 800 620 804 ,
901 738 957 804 καὶ
980 730 1064 826 ὑπέρ
1089 746 1159 820 (bis)

126 848 222 924 §ta
276 842 333 909 καὶ
357 837 527 931 ἐλεύθερος
885 846 1000 930 δέομαι
1027 838 1089 930 (d')
1114 838 1185 913 oio⁸⁴

323 953 486 1032 Epilogus:

127 1063 222 1138 556.
335 1053 399 1146 ἐγώ
424 1049 479 1124 oris

218 1209 281 1266 Iam
310 1209 403 1282 primo
428 1210 573 1266 oculorum
599 1211 702 1267 obtutu
726 1227 762 1266 ex
784 1212 840 1267 hae
863 1211 965 1267 tabula
989 1218 1120 1287 apparet,
1151 1212 1182 1268 in
1206 1222 1315 1269 narra'

129 1317 217 1373 tionis
247 1317 442 1388 paragraphis
472 1317 562 1374 multo
593 1316 715 1374 liberius
744 1319 855 1375 hiatum
887 1335 951 1375 esse
982 1319 1140 1376 admissum
1164 1337 1249 1390 quam
1274 1322 1304 1377 in

133 1423 391 1495 argumentatione.
437 1424 473 1481 In
503 1424 557 1481 illa
580 1425 672 1497 enim,
702 1441 776 1496 quae
800 1429 915 1482 constat
938 1442 954 1481 e
977 1426 1173 1497 paragraphis
1197 1427 1304 1497 uiginti

135 1530 238 1601 tribue,
262 1530 364 1586 Insunt
386 1531 484 1587 hiatus
509 1531 774 1603 duodesexaginta,
805 1533 882 1588 iuter
905 1550 976 1603 quos
1000 1537 1064 1589 octo
1088 1533 1249 1606 grauiores,
1274 1534 1304 1588 in

129 1637 192 1708 hae,
216 1653 290 1708 quac
314 1637 444 1694 contInet
467 1638 591 1709 triginta
614 1639 824 1710 paragraphus,
848 1640 1033 1711 reperiuntur
1056 1640 1156 1696 hiatus
1179 1641 1304 1711 triginta

130 1748 277 1815 qiuattuer,
300 1744 378 1800 iuter
401 1761 472 1816 quos
495 1746 621 1817 quinque
644 1748 805 1818 grauiores,
1075 1736 1078 1739 ⁵

219 1850 359 1908 Uidemus
383 1852 475 1922 igitur
497 1852 528 1909 in
550 1853 606 1910 hac
629 1854 761 1911 oratione
785 1852 907 1909 eandem
926 1853 1071 1909 rationem
1086 1853 1247 1910 adhibitam
1262 1859 1305 1910 at-

131 1974 186 2028 que
210 1959 240 2014 iu
264 1959 396 2016 cratibus
420 1958 493 2016 XVI
517 1965 547 2015 et
570 1959 675 2017 XVIII
698 1965 729 2016 et
752 1956 835 2017 XXI.

227 2058 311 2138 Qrcoe
335 2080 404 2123 cunc
427 2062 470 2123 itu
493 2062 567 2139 siat,
592 2061 629 2124 id
651 2064 730 2125 sutis
749 2061 901 2141 probasse
920 2060 1001 2123 rudici
1015 2062 1135 2135 uidcor,
1159 2081 1223 2124 riou
1237 2062 1302 2124 inus

130 2173 217 2231 sture
241 2187 333 2247 posse
358 2167 525 2231 Beascieri
553 2168 722 2241 iudicium,
755 2169 838 2249 quod
857 2168 931 2248 sccii
953 2170 990 2231 ia
1014 2168 1092 2232 libro
1116 2169 1154 2232 ric
1176 2168 1264 2232 biatu
1277 2169 1301 2249 ¹)

132 2294 202 2336 eum
225 2273 317 2338 dicit:
342 2281 466 2352 „Quibus
490 2298 526 2337 ex
549 2283 621 2339 locis
636 2325 752 2339 ......
777 2282 856 2338 clarc
880 2281 995 2354 quidem
1018 2282 1185 2354 perspicies,
1209 2283 1305 2338 bisin

132 2387 312 2444 orationibus
337 2379 401 2463 (sci.
426 2388 614 2461 Trapezitiea
644 2396 674 2445 et
697 2405 737 2446 or.
761 2389 792 2444 in
815 2388 996 2461 Euthynum)
1021 2389 1133 2446 hiatum
1157 2406 1215 2445 nou
1239 2405 1305 2445 esse

133 2493 283 2566 euitatum,
307 2495 359 2551 sed
383 2513 507 2567 quanam
531 2496 567 2553 de
591 2513 693 2568 causa,
724 2496 748 2552 si
772 2495 917 2552 Isocrates
941 2497 1115 2567 scripsisset,
1140 2501 1239 2552 orator
1261 2513 1305 2552 re-

133 2602 254 2657 cesserit
278 2618 296 2656 a
318 2618 426 2672 genere
451 2602 596 2659 scribendi
620 2607 767 2674 consueto,
798 2589 855 2659 non
879 2608 939 2659 tam
963 2607 1009 2659 est
1031 2603 1303 2675 perspicuum...

134 2727 225 2782 neqire
255 2710 342 2767 facile
372 2711 436 2780 quis
468 2710 590 2782 dixerit,
622 2727 673 2766 cur
696 2711 726 2766 in
749 2710 871 2780 Lochit,
900 2726 974 2780 quae
998 2716 1044 2766 est
1067 2726 1155 2765 caiisa
1178 2709 1304 2780 priuata,

134 2817 215 2874 aliud
237 2834 329 2888 genus
354 2817 499 2873 scribendi
523 2818 562 2873 sit
586 2822 701 2873 secutus
725 2833 808 2887 quam
833 2816 864 2873 in
887 2813 1029 2889 Euthyn.“

222 2919 323 2981 Iuram
346 2938 420 2981 acro
444 2917 612 2981 dicendum
635 2918 704 2995 erit,
729 2919 765 2980 iu
790 2919 929 2981 oratioue
947 2917 1305 2996 Trupcaib’comurims

132 3028 259 3089 seruari
288 3032 440 3088 uotorum
463 3025 619 3088 erationis
638 3024 790 3104 forensia,
821 3045 948 3104 sumptae
971 3025 1018 3086 sic
1041 3023 1132 3085 uobis
1156 3042 1220 3085 csse
1243 3029 1307 3085 bu-

134 3132 248 3206 ditara,
280 3140 315 3195 ut
346 3132 384 3195 ab
409 3131 547 3195 Isocrate
577 3132 698 3211 scriptu
729 3138 797 3195 erat
827 3131 863 3193 iu
893 3149 985 3192 ristun
1011 3128 1084 3210 feri.
1132 3135 1213 3204 Quod
1243 3135 1306 3191 sine

135 3245 220 3303 dubio
249 3245 412 3302 rectissime
442 3243 579 3314 cognouit
601 3243 761 3315 Dionysius
784 3242 1072 3313 Halicarnassensis,
1106 3258 1167 3298 cum
1192 3247 1306 3312 partem

132 3348 248 3409 eius‘in
271 3353 408 3409 iudicium
433 3350 468 3407 dc
492 3351 623 3408 Isocrate
646 3350 799 3422 reciperet,
823 3356 855 3405 ut
869 3348 1048 3405 iudicialium
1063 3349 1125 3404 eius
1140 3349 1303 3404 cratisnum

131 3460 277 3531 specimen
307 3460 470 3530 praeberet.
516 3458 613 3528 Atque
643 3458 765 3513 eandem
795 3456 971 3513 sententiam
998 3448 1161 3523 Blassiusb
1193 3471 1304 3526 quoque

131 3566 281 3639 professus
311 3571 357 3623 est
386 3582 449 3621 cum
480 3565 566 3621 dicit:
598 3609 619 3636 „.
635 3609 641 3623 .
658 3609 663 3622 .
680 3611 686 3622 .
702 3565 740 3620 im
765 3563 920 3634 [degenteil
948 3563 1047 3619 wiirdc
1071 3579 1102 3618 es
1125 3561 1304 3632 befremden,

131 3690 217 3731 wenn
241 3675 271 3730 iu
294 3674 391 3730 dieser
404 3673 486 3730 Rode
510 3672 562 3728 der
576 3671 683 3728 Hiatus
706 3672 759 3727 mit
783 3671 835 3727 der
858 3670 1007 3741 sciustigen
1022 3669 1221 3739 (derrauigkeit
1242 3684 1306 3726 ver-

132 3781 248 3839 micden
271 3777 373 3839 ware.“

222 3888 315 3945 Unum
340 3888 387 3944 hic
410 3887 515 3944 addam
539 3888 575 3944 de
598 3886 738 3944 Isocratis
761 3886 941 3942 orationibus
964 3884 1129 3940 forensibus
1144 3883 1174 3938 iu
1190 3883 1305 3938 uniuer-

132 4013 205 4054 sum.
251 3994 321 4052 Ourn
345 3993 397 4050 illa
420 4010 484 4049 mea
508 3995 664 4065 sententia,
693 4010 749 4063 qua
771 3997 952 4049 retractatae
978 3992 1037 4048 sint
1061 3991 1155 4048 oratio
1181 3988 1253 4047 XVI
1277 3995 1307 4044 et

224 4184 250 4251 l)
269 4200 333 4252 pag.
352 4184 395 4236 55.

224 4275 251 4340 2)
269 4270 367 4338 Eloqu.
387 4271 445 4324 Aac.
465 4270 497 4322 II.
518 4286 544 4338 p.
564 4271 624 4324 213.
