3172 4924
740 342 960 409 ..33-

257 528 350 585 tonica
374 507 514 586 isocratis
529 502 736 605 praecepta¹):
759 521 824 600 (dei
847 519 922 585 δι’
906 545 940 585 ιν
962 520 1001 609 ιῖ
1025 520 1105 599 λέξει
1131 515 1173 584 τοὶ
1197 519 1367 609 ιιιιιιένιο
1390 512 1437 611 ιιη

255 649 286 690 ιιι
289 646 469 710 purtensem
500 624 606 710 poti»
635 622 695 715 γὰρ
724 621 874 709 ceadda)
903 626 988 717 μηδὲ
1017 628 1167 693 catenum
1194 626 1252 693 καὶ
1274 616 1435 722 ἔρχεσθαι

256 725 328 798 tired
354 734 411 824 τῆς
434 729 535 824 αἰτῇς
559 735 733 830 οιλλοιβῆς

345 849 427 920 Quod
458 856 647 922 praeceptum
679 866 843 922 quanquam
874 851 1021 909 Isocrates
1052 851 1083 907 in
1107 850 1274 908 uniuersum
1298 822 1439 947 seruauit,

256 955 402 1013 interdum
435 961 535 1013 minen
565 957 696 1015 uiolatae
725 958 848 1030 regulae
880 957 1014 1029 exempla
1043 959 1237 1030 reperiuntur,
1264 974 1338 1029 quae
1362 957 1439 1014 cius·

254 1063 332 1121 modi
370 1079 434 1120 esse
472 1064 577 1136 solent,
615 1070 649 1122 ut
685 1053 881 1144 κοκοφιοιιά
921 1064 1068 1123 efficiatur
1098 1065 1252 1137 particulis
1284 1055 1353 1139 μὲν,
1385 1049 1436 1135 ἂν,

255 1170 373 1227 articuli
397 1170 513 1240 formis,
538 1171 574 1229 ci.
599 1170 652 1228 XV
676 1171 749 1230 331.
774 1163 973 1248 ἐπαινοῦμεν
990 1160 1064 1246 μὲν.
1103 1170 1129 1228 V
1151 1172 1200 1231 78.
1223 1152 1281 1229 οὖκ
1298 1157 1341 1227 ἂν
1360 1153 1438 1227 ἄνι-

254 1273 369 1334 ειιιεῖν.
396 1277 446 1335 89.
471 1268 544 1335 98.·’
569 1278 604 1336 Ιιι
628 1280 770 1337 orationis
791 1279 996 1351 Trapcziticaa
1019 1276 1036 1351 ξ
1062 1281 1112 1336 22.
1138 1265 1222 1357 πρὸς
1245 1269 1305 1355 μὲν
1329 1269 1439 1336 Μενέ-

254 1376 352 1455 ξενον.
391 1385 442 1442 42.
466 1367 566 1441 οὖσαν
589 1367 716 1464 ἀνδρὸς.
752 1387 803 1444 49.
828 1371 998 1465 dicitisque
1022 1366 1108 1443 ὅντα.
1144 1387 1171 1443 9.
1194 1401 1235 1460 με
1256 1371 1349 1461 μετὰ.
1385 1384 1437 1443 11.

253 1508 306 1566 μοι
333 1480 373 1548 οἳ.
409 1492 459 1549 42.
491 1468 553 1549 44».
574 1492 625 1550 33.
673 1492 730 1550 Sed
754 1510 789 1550 ex
813 1509 870 1550 uno
894 1493 958 1550 loco
983 1493 1169 1566 conspicitur,
1192 1493 1353 1550 Isocratem
1377 1492 1437 1549 ani-

254 1604 319 1655 tara
349 1598 496 1655 studuisse
527 1599 611 1687 ilium
641 1604 811 1657 concursum
840 1600 997 1657 neritonum
1028 1599 1153 1672 simplici
1184 1598 1285 1657 ordine
1313 1602 1435 1656 mutato.

253 1702 346 1777 §ia
376 1680 517 1762 Ποιοίιον
548 1687 612 1761 δ’
598 1688 906 1827 Αρχέοιριιτόνμ
897 1723 954 1763 ιοι
987 1693 1058 1764 τὸν
1089 1690 1161 1764 aad
1190 1699 1250 1788 τῆς
1271 1696 1434 1827 τοοπέζιςι

254 1798 343 1869 {mc
369 1797 578 1869 τολάιιιιι’
563 1799 720 1894 ιγγιητὴι
744 1805 963 1891 παρέσχεν.

342 1919 405 1976 Iam
449 1919 590 1977 nonnulla
634 1921 768 2009 'exempla
811 1921 1072 1993 transpositicnum
1109 1920 1218 1977 addere
1255 1919 1338 1991 uolo,
1384 1919 1435 1976 nbi

253 2026 399 2084 Isocrates
429 2043 523 2098 neque
552 2027 651 2085 hiatus
683 2027 814 2085 euitandi
845 2043 938 2100 neque
968 2028 1130 2099 euphoniae
1154 2026 1251 2084 studio
1275 2032 1434 2084 commotus

255 2128 349 2205 est²)‚
387 2149 461 2204 quae
497 2134 685 2206 reperiuntur
720 2135 751 2191 in
788 2134 921 2193 omnibus
958 2134 1148 2206 orationibus,
1180 2134 1350 2206 pierumque
1381 2134 1435 2217 ita

254 2245 287 2298 nt
321 2258 422 2310 οιιος,
458 2223 534 2310 ὅσος
567 2245 597 2297 et
630 2240 738 2301 similia
768 2241 939 2313 pronomina
971 2247 1001 2298 et
1032 2241 1180 2298 adiectiua
1210 2240 1344 2298 seiuncta
1374 2240 1437 2297 sint

254 2364 272 2405 a
310 2347 504 2404 substantiae.
573 2346 657 2405 XVII
695 2348 745 2407 34.
790 2340 935 2405 τοσαῦτα
972 2339 1141 2424 ιιέλλονιες
1176 2339 1246 2429 χρήι
1233 2363 1324 2422 pruna
1362 2361 1436 2425 κερ-

254 2444 384 2512 δαίνειν.
434 2454 461 2512 3.
493 2435 650 2531 οὐδεμίαν
680 2434 784 2536 ἄλλην
813 2438 969 2534 adpictum
998 2438 1207 2536 ἀπαλλαγὴν.
1257 2453 1306 2513 11.
1330 2436 1436 2522 οὕτως

253 2545 416 2640 arcuatum
437 2551 610 2637 μεταμέλει
637 2554 700 2618 cccc
725 2553 976 2641 πεπραγμένων.
1021 2561 1071 2619 32.
1094 2552 1224 2631 τούτοις
1248 2550 1336 2640 i'i'teye
1357 2546 1435 2629 τοῦς

253 2653 375 2747 λόγους.
433 2668 483 2726 36.
515 2659 589 2745 ἐμοὶ
620 2660 656 2725 δὲ
686 2652 810 2747 μέγιστ’
832 2658 927 2725 {irruo
956 2658 1125 2749 ιεκμήρια.
1181 2669 1231 2726 44.
1262 2652 1436 2750 ἡγούμενος

256 2765 370 2833 πίστιν
393 2764 475 2851 ἔχειν
500 2762 623 2857 ἱκανήν.
648 2775 700 2832 XV
725 2777 775 2833 34.
799 2775 823 2831 X
850 2778 878 2833 6.
902 2776 960 2833 VII
984 2775 1035 2834 83.
1061 2775 1111 2833 84.
1292 2754 1295 2760 ’

343 2882 400 2940 Sed
432 2882 490 2939 iarn
522 2883 759 2940 dissertationem
790 2884 827 2940 ad
858 2886 944 2940 tinem
968 2882 1099 2955 perduxi,
1123 2899 1187 2940 cum
1209 2883 1318 2940 iterare
1340 2881 1433 2937 nolim

255 3005 298 3060 ca,
323 3005 397 3061 quae
421 2990 479 3046 iam
503 3004 521 3046 a
544 2990 660 3046 Blassio
685 2991 819 3062 exposita
842 2984 957 3061 sunni),
991 2989 1179 3046 artificiosam
1204 2986 1431 3061 dispositionem,

255 3101 422 3153 accuratam
435 3097 727 3169 argumentationem,
738 3097 807 3169 alia,
816 3112 833 3153 e
843 3095 947 3168 quibus
958 3095 1099 3152 Isocratis
1108 3096 1185 3153 ratio
1196 3093 1431 3169 cognoscitur.-

345 3202 593 3275 Ccniido'autern,
617 3220 663 3260 me
686 3203 819 3260 nonnihil
843 3203 1003 3261 contulisse
1025 3202 1081 3260 irae
1104 3203 1311 3260 dissertatione
1335 3200 1373 3256 'ad
1390 3200 1435 3257 di-

253 3308 440 3366 iudicandum
471 3310 681 3382 quaestionem,
713 3326 787 3381 qnae
818 3316 863 3367 est
895 3310 931 3366 de
963 3310 1104 3367 orationis
1128 3309 1335 3381 Trapeziticae
1364 3312 1436 3366 ortu

253 3414 411 3473 Isocrateo.

345 3588 370 3654 l)
389 3584 485 3652 Eloqu.
505 3586 563 3638 Att.
585 3585 616 3637 11.
637 3603 663 3654 p.
687 3589 736 3641 133
755 3604 794 3652 sq.

342 3675 370 3743 2)
389 3674 474 3728 Blass.
494 3672 591 3741 Eloqu.
611 3673 669 3726 Ati.
690 3674 722 3727 ΙΙ.
742 3692 768 3743 p.
793 3678 849 3730 142.
870 3676 898 3727 et
917 3674 955 3728 ill
974 3680 997 3731 2.
1017 3674 1184 3743 Nachtriigc.

342 3763 369 3830 3)
388 3762 486 3833 Eioqn.
506 3762 565 3823 Att.
585 3763 619 3821 ll.
637 3782 664 3836 p.
686 3765 737 3819 173
756 3781 795 3830 sq.
816 3766 875 3819 213.

683 4022 1000 4094 *ψη-
