3172 4924
665 343 860 398 ...5-

171 536 236 576 cem
255 520 450 577 elocutionem
470 519 572 577 decere
592 520 739 576 orationes
758 518 897 590 forenses,
918 522 1050 574 ornatam
1069 518 1216 575 orationes
1233 519 1346 576 demon-

171 626 323 699 stratiuaS,
345 644 408 684 cum
430 627 516 684 dicit:
539 615 644 682 καίτοι
668 617 752 695 τινὲς
774 615 949 700 ἐπιτιμῶσι
970 617 1036 681 τῶν
1054 610 1158 701 λόγων
1178 621 1248 695 τοῖς
1261 610 1346 705 ὑπὲρ

169 722 249 802 σούς
271 719 405 803 ἰδιώτας
426 723 534 806 ἔχουσι
558 723 614 789 καὶ
636 722 709 789 λιόιν
731 716 1022 814 ἀπηκριβωμένως,
1041 722 1098 788 κοιὶ
1112 725 1263 802 σοςοῖπον
1278 726 1347 815 doq-

170 825 384 919 μαρτήκασιν,
401 823 483 897 ὥστε
497 827 573 909 σούς
583 830 631 909 εἰς
640 824 824 919 ὓπερβολὴν
834 830 1075 920 πεποιημένους
1085 828 1170 917 πρὸς
1178 829 1254 910 τοὺς
1263 828 1347 917 ἀγῶ-

171 964 229 1015 νιις
251 936 328 1016 τοὺς
351 937 427 1024 περὶ
451 939 516 1002 τῶν
538 936 630 1003 ἱδιίον
651 936 860 1024 συμβολαίων
880 939 1070 1019 σκοποῦσιν,
1096 929 1206 1026 ὥσπερ
1224 933 1347 1023 ὃμοιίος

170 1044 246 1109 δέον
260 1037 469 1133 ἀμφοτέροις
484 1044 575 1127 ἔχειν,
592 1038 660 1111 ἀλλ’
674 1037 711 1110 οὗ
725 1043 801 1123 σούς
814 1045 873 1129 μὲν
888 1037 1026 1134 ἀφελῶς,
1041 1043 1117 1124 τοὺς
1131 1038 1157 1111 ὸο
1171 1046 1346 1113 druidarum-¹

171 1153 247 1232 κῶς,
270 1151 395 1240 ἢσιμᾶς
415 1152 474 1236 μὲν
496 1154 671 1240 droctoveo:
690 1151 750 1231 νοις
763 1146 983 1241 μετριότητας,
998 1151 1054 1241 κᾶν
1069 1145 1097 1218 0⁴
1113 1144 1256 1241 ἀκριβοῦς
1271 1154 1346 1219 ἐπι-

170 1259 330 1342 σνοίμενον
353 1259 455 1347 λέγειν
479 1253 595 1338 ἁπλῶς
619 1252 677 1325 οὖν.
701 1258 742 1326 ἂν
765 1253 940 1343 ὁονάμενον
963 1257 1079 1325 εἰπεῖν.

260 1374 393 1447 Apparet
416 1392 451 1432 ex
475 1377 536 1447 his,
566 1393 603 1432 nc
625 1375 755 1449 potuisse
779 1376 894 1448 quidem
918 1376 1078 1432 Isocratem
1103 1376 1251 1434 orationes
1274 1394 1344 1436 uere

121 1475 125 1483 ’
168 1482 301 1538 forenses
332 1487 549 1552 componentem
581 1499 700 1554 prorsus
724 1483 864 1539 decedere
888 1484 924 1540 de
947 1482 1093 1541 scribendi
1116 1480 1246 1556 ratione,
1270 1502 1345 1556 quae

168 1587 282 1644 usitata
297 1589 474 1645 oratiohoc
492 1606 608 1661 genere,
632 1606 725 1661 neque
741 1590 870 1662 Gorgiae
885 1590 1104 1663 artemjnferre
1118 1591 1149 1646 in
1163 1591 1301 1649 iudicium
1311 1586 1343 1665 ¹).

169 1694 252 1763 Quod
281 1695 469 1752 nihilominus
499 1696 579 1752 illius
610 1696 684 1752 artis
712 1698 841 1767 uestigia
871 1697 1128 1768 deprehenduntur
1151 1699 1182 1755 in
1206 1715 1257 1756 sex
1281 1717 1344 1757 ora·

167 1800 298 1858 tionibus
321 1802 467 1858 iudicialis
491 1803 607 1873 generis
631 1804 715 1860 nobis
738 1803 865 1876 traditis,
890 1810 978 1874 atquc
1001 1804 1032 1860 iu
1055 1804 1203 1861 nonnullis
1227 1807 1342 1877 quidem

168 1923 227 1964 nou
250 1913 310 1964 tam
333 1925 433 1981 pauca,
457 1926 515 1966 non
538 1910 640 1995 eadem
655 1926 751 1983 causa,
775 1928 849 1982 quac
865 1912 902 1968 ad
917 1922 1015 1969 omnes
1030 1911 1162 1984 quadret,
1187 1914 1343 1971 statuenda

168 2015 234 2087 erit,
258 2017 302 2072 uti
325 2020 429 2087 postea
452 1996 616 2073 accuratius
641 2034 798 2089 exponan1;
823 2019 853 2075 id
877 2024 975 2075 tamen
999 2034 1035 2074 cx
1058 2035 1092 2075 eo
1116 2025 1247 2092 apparat,
1271 2020 1342 2077 Gor-

166 2122 247 2193 giam
276 2123 431 2193 disciplina
461 2140 514 2180 sua
536 2124 696 2181 Isocratem
718 2130 778 2181 tam
801 2125 918 2197 penitus
942 2126 1105 2198 imbuisse,·
1126 2131 1159 2182 ut
1181 2127 1229 2183 hic
1252 2129 1341 2185 artifi-

167 2229 276 2286 ciosam
307 2236 337 2286 ct
367 2236 500 2286 ornatam
532 2231 646 2288 dicendi
674 2233 816 2288 rationem
841 2249 877 2288 ue
901 2233 932 2289 in
955 2233 1061 2289 iudicio
1085 2226 1204 2304 quidem
1223 2251 1341 2306 prorsus

167 2344 268 2409 posset
291 2339 455 2410 repudiare.
503 2339 584 2395 Haec
608 2340 644 2395 de
667 2339 875 2396 Helbertsmae
898 2339 1051 2410 scrupulis,

257 2444 314 2503 Sed
336 2447 394 2502 iam
418 2449 574 2517 antequam
598 2446 649 2503 ille
674 2446 807 2503 ediderat
827 2446 1037 2518 „Quaestioues
1052 2444 1236 2504 Isocrateas“
1262 2466 1339 2523 suas,

167 2553 198 2608 in
228 2552 320 2609 lucem
344 2553 495 2624 prodierat
517 2554 671 2610 Benseleri
701 2554 776 2610 liber
798 2554 858 2624 „De
880 2554 964 2610 hiatu
988 2554 1018 2610 in
1042 2555 1207 2635 oratoribus
1230 2557 1340 2614 Atticis

167 2664 198 2716 et
221 2660 297 2731 apud
320 2660 475 2718 historicos
490 2658 632 2718 (ἶσοοοοοιι
655 2661 821 2732 inscriptus,
844 2661 875 2717 in
898 2677 953 2732 quo
977 2661 1088 2732 primus
1110 2661 1162 2719 illc
1176 2662 1222 2720 uir
1237 2664 1338 2722 doctus

166 2768 198 2823 iu
221 2767 296 2823 hanc
318 2784 380 2824 rem
403 2769 440 2824 ad
455 2770 611 2825 multorum
626 2769 799 2839 scriptorum
813 2773 900 2839 atque
915 2769 1057 2840 imprimis
1071 2770 1210 2826 Isocratis
1225 2776 1338 2828 textum

166 2880 197 2930 et
227 2874 341 2931 omnino
372 2879 464 2931 totam
498 2877 560 2932 eius
592 2876 738 2932 scribendi
761 2875 905 2932 rationem
928 2876 1157 2948 intellegendam
1181 2894 1252 2935 saue
1274 2896 1338 2950 per-

165 2982 265 3052 magni
295 2982 431 3038 momenti
465 2983 628 3040 accuratius
662 2983 862 3054 inquisiuerat.
909 2982 970 3051 Quo
1000 2983 1030 3039 iu
1060 2983 1135 3040 libro
1166 2985 1213 3040 uir
1235 2985 1337 3043 doctus

165 3088 239 3144 duas
262 3089 409 3145 orationes
439 3088 570 3146 forenses
601 3096 635 3145 ut
658 3091 772 3160 spurias
795 3090 993 3161 repudiandas
1017 3105 1081 3145 esse
1105 3091 1233 3163 censuit,
1261 3093 1337 3162 quod

164 3195 197 3251 in
221 3194 263 3249 eis
287 3198 317 3249 et
339 3194 490 3264 grauiores
514 3200 544 3250 et
567 3195 780 3265 frequentiores
803 3197 902 3253 hiatus
923 3212 1008 3267 quam
1022 3196 1149 3252 rhetoris
1164 3197 1255 3268 ipsius
1270 3199 1336 3270 lego

164 3298 301 3372 permissi
325 3314 389 3355 csse
412 3299 594 3372 uidebantur,
619 3301 780 3373 inuenerat,
804 3303 964 3360 orationem
982 3303 1197 3375 Trapeuiticeur
1221 3310 1252 3362 et
1274 3323 1336 3362 ora-

165 3406 274 3463 tionem
298 3406 328 3461 in
351 3405 528 3477 Euthynum.

254 3513 457 3585 Trapeziticee
486 3514 627 3571 orationis
658 3515 748 3572 solius
772 3521 872 3573 ortum
889 3517 1068 3573 Isocrateum
1092 3518 1263 3577 indubium
1287 3538 1335 3578 uo-

163 3622 242 3678 cauit
264 3628 331 3693 post
353 3620 544 3678 Benselerum
567 3622 731 3678 Ludouicus
748 3616 905 3701 Kayserll,
929 3624 1004 3694 quod
1029 3625 1090 3680 cius
1111 3625 1203 3684 dictio
1227 3644 1245 3684 a
1267 3629 1336 3686 reli-

254 3774 279 3842 1)
298 3774 384 3828 Blass.
404 3773 500 3842 Eloqu.
521 3773 579 3827 Art.
600 3774 619 3826 Ι.
639 3791 665 3844 p.
686 3776 734 3829 53:
765 3772 815 3838 „Es
840 3774 878 3827 ist
901 3774 967 3828 aber
987 3776 1038 3829 wo]
1057 3794 1089 3829 zu
1108 3776 1252 3843 beachten,
1271 3780 1334 3834 dass

163 3861 207 3915 ‹lie
233 3862 427 3931 gorgianische
445 3863 537 3917 Weise
560 3882 613 3917 nur
631 3881 685 3917 von
704 3863 845 3918 erkldrten
862 3863 1070 3918 Kuustrednern
1089 3867 1271 3935 angewendet
1289 3869 1333 3934 ist,

161 3950 293 4005 wahrend
318 3950 363 4004 die
388 3951 598 4021 Logographen,
625 3953 669 4006 die
694 3954 748 4006 den
766 3952 994 4008 Processirenden
1011 3972 1066 4007 von
1084 3955 1179 4010 diesen
1197 3957 1284 4011 selbst
1302 3978 1333 4012 zu

161 4039 292 4092 haltende
324 4039 419 4093 Reden
444 4040 600 4103 schrieben,
631 4041 903 4095 selbstverstandlich
928 4044 985 4096 und
1009 4044 1080 4097 nach
1106 4046 1333 4101 ausdriicklichen

162 4128 329 4198 Zeugm'ssen
347 4129 462 4182 niemals
481 4129 579 4181 andere
598 4131 638 4182 als
657 4132 686 4182 in
705 4129 975 4201 verhiiltnissmitssig
994 4133 1200 4202 gewdhnlichcn
1217 4137 1333 4191 Wcrten

159 4218 298 4272 redelen.“

249 4307 277 4375 2)
296 4306 406 4361 Annali.
426 4325 487 4360 nou.
507 4306 602 4376 philol.
622 4308 699 4361 class.
719 4309 773 4363 ucl.
794 4313 836 4367 73.
855 4330 882 4380 p.
902 4314 955 4368 356
974 4330 1032 4379 sqq.
