3172 4924
613 342 832 403 „27-

134 512 296 600 μοίρτνρας
318 512 504 600 παρύξομαι
523 553 564 561 -
585 510 736 581 ἔπειτα
760 512 829 597 (δὲ)
854 506 928 591 τούς
951 503 1093 600 ὁριῦντύς
1114 536 1155 597 με
1179 517 1216 601 ορ]
1240 511 1311 580 τού-

136 645 192 687 τοι·
214 619 357 709 τραπέζῃ
381 618 549 707 χριόμενον,
576 618 636 687 ἔτι
662 620 705 686 δὲ
728 615 807 706 παρ’
828 606 872 685 uio
894 614 1085 709 Exeooedvqo'
1103 617 1206 685 πλέον
1223 612 1243 708 ἢ
1262 644 1311 702 χι-

135 724 223 809 λίους
245 726 417 816 στατῆρας.
455 722 558 815 πρὸς
581 729 601 793 d
609 727 624 793 e*
648 726 814 806 τούτοις
833 766 874 774 -
890 726 1045 795 πλεῖστον
1066 723 1232 816 είσήνεμια
1245 729 1312 790 τιῦν

136 832 234 913 ξένιον
263 831 329 899 uui.
376 841 537 901 Praeterea
566 834 711 917 μάλιστα
738 833 798 918 μὲν
820 859 872 917 pro
896 834 1028 923 πρῶτον
1050 832 1111 917 μίν
1131 840 1224 917 primo
1248 841 1311 901 loco

135 948 226 1006 habes
249 948 281 1009 iu
303 942 341 1024 55
365 950 393 1009 2.
419 950 437 1009 3
463 954 535 1008 oret.
559 942 630 1021 11¹).

223 1056 289 1115 Ηοο
311 1071 424 1133 quoque
447 1056 535 1115 uelim
558 1056 819 1129 animaduersum,
843 1055 874 1115 in
897 1055 1029 1129 exemplo
1053 1054 1105 1133 ilio
1125 1055 1312 1114 exoratione

136 1162 324 1235 Trapezitiea
347 1164 438 1227 eileto
462 1164 674 1223 sententiarum
698 1162 956 1227 eonionuetionem
979 1162 1145 1225 institutum
1169 1161 1265 1246 deseri
1281 1161 1312 1220 in

136 1273 265 1329 extremo
288 1272 426 1344 membro,
450 1272 526 1346 quod
548 1272 593 1329 his
617 1287 729 1346 quoque
752 1270 825 1328 loeis
848 1270 896 1328 fit:
920 1269 988 1331 XIV
1013 1270 1032 1329 8
1055 1253 1147 1346 ὑμεῖς
1170 1256 1198 1326 d'
1217 1260 1313 1327 ἐνθο-

134 1374 255 1453 μεῐσθε
284 1374 417 1456 πρῶτον
444 1371 514 1456 μὲν,
547 1368 576 1437 εὶ
606 1368 731 1437 δίκαιόν
761 1370 850 1436 ἐστιν
873 1408 924 1450 -‚
955 1363 1057 1437 ἔπειτ’
1079 1366 1108 1435 εἰ
1138 1356 1313 1458 προσήκειν

134 1467 210 1560 ύμῖν
233 1478 323 1542 δοκεῖ
346 1516 399 1543 -.
432 1488 450 1547 9
475 1473 558 1566 πρὸς
580 1477 617 1544 δὲ
641 1478 765 1556 τούτοις
788 1470 853 1544 ou'd'
877 1467 1116 1565 ὁμολογούμενα
1140 1475 1312 1565 φαίνονται

137 1583 413 1672 διαπραττόμενοι
446 1583 513 1651 nni.
569 1611 614 1668 ep.
645 1593 687 1653 VI
712 1595 740 1652 2.
766 1594 794 1652 3.
830 1591 1069 1655 1V101.102.
1107 1591 1149 1651 VI
1173 1591 1312 1652 35—37.

136 1698 235 1757 XVIII
261 1701 310 1758 14.
333 1699 391 1759 XV
416 1699 488 1759 117.
514 1699 586 1769 119.
1180 1711 1185 1721 ”

224 1807 322 1881 Atque
344 1807 418 1865 haee
440 1807 631 1865 enumerandi
653 1808 747 1867 ratio:
772 1804 903 1887 πρῶτον
924 1798 986 1884 μὲν
1009 1838 1051 1847 -
1076 1796 1192 1869 ἔπειτα
1208 1836 1249 1844 -
1265 1794 1313 1867 ἔτι

138 1905 174 1971 δὲ
198 1944 240 1952 -
272 1900 354 1993 πρὸς
384 1905 421 1971 δὲ
453 1905 580 1985 τούτοις
609 1915 686 1987 τρισὶ
715 1915 935 1988 Antiphontem,
964 1914 1152 1986 Andocidem,
1182 1912 1312 1986 Lysiam,

138 2021 312 2094 Lycurgum,
344 2021 525 2095 Hyperidem
555 2039 613 2081 uon
644 2027 751 2096 exstat,
782 2022 872 2083 semel
902 2022 980 2094 apud
1009 2014 1156 2094 Isaeum)
1182 2018 1236 2091 (IV
1262 2022 1313 2094 26,

137 2127 185 2184 ubi
208 2127 335 2188 alterum
359 2117 406 2186 ἔτι
430 2119 467 2186 δὲ
489 2133 557 2201 post
579 2115 662 2209 πρὸς
685 2119 721 2186 δὲ
744 2120 869 2201 τούτοις
891 2126 1038 2200 additur);
1062 2128 1116 2189 sed
1134 2144 1248 2201 semper
1267 2128 1314 2186 de·

137 2233 283 2311 uideretur
305 2235 379 2292 haee
402 2235 451 2293 uel
475 2235 529 2292 illa
551 2235 697 2308 particula
720 2241 772 2293 eut
795 2236 865 2296 ordo
884 2235 1096 2308 particularum
1110 2232 1244 2293 diuersus
1259 2239 1313 2293 est.
1401 2216 1404 2227 ’

224 2341 259 2399 In
290 2343 424 2400 oratioue
449 2341 638 2414 Trapezitioe
667 2348 822 2415 praetereo
851 2344 924 2402 hoen
954 2342 1182 2403 enumerationis
1204 2358 1314 2416 genere

138 2447 334 2525 inueniuntur.
381 2450 513 2523 Quinque
541 2450 671 2506 membra
694 2449 772 2507 iuter
794 2467 826 2508 se
849 2450 1007 2509 cohaerent
1030 2449 1097 2511 inde
1120 2465 1138 2507 a
1161 2443 1179 2524 5
1204 2449 1244 2507 25
1269 2464 1314 2506 us·

137 2571 191 2628 que
214 2556 253 2613 ad
276 2552 294 2631 5
319 2552 410 2643 3125
435 2559 475 2615 25
501 2552 667 2635 πρῶτον
690 2543 719 2614 d'
742 2547 779 2613 ἐκ
800 2548 914 2616 τούτοτΙ
937 2552 1130 2614 σκοπεῖσθε.
1178 2538 1230 2613 ὅτε
1253 2541 1315 2635 γαρ

137 2652 201 2720 ντί.
226 2661 244 2738 5
269 2663 308 2722 27
334 2651 464 2722 ἔπειτ’
486 2650 550 2743 e‘yoi
574 2655 636 2740 μὲν
659 2694 702 2702 -
727 2651 789 2738 ἔχιν
814 2650 876 2735 τοὶς
898 2652 1009 2735 αἰτίας
1032 2651 1139 2723 εἰπεῖν
1162 2694 1215 2720 --.
1238 2658 1312 2737 §27

136 2760 209 2855 καί
227 2748 382 2852 μὲνδὴ,
409 2752 445 2828 oi.
470 2751 504 2828 ίί.
529 2764 558 2828 d.
582 2762 651 2828 καί
675 2761 749 2829 udde
771 2762 882 2852 ῥᾴδιον
904 2767 988 2828 πᾶσι
1009 2767 1128 2850 γνῶναι
1147 2759 1214 2828 usi.
1238 2766 1313 2845 530

137 2866 198 2934 ἔτι
223 2867 266 2935 δὲ
285 2859 590 2958 udmiv'r‘rmeqqrdo,
606 2868 673 2937 nsi.
697 2876 770 2953 531
788 2856 863 2936 doe
878 2869 1047 2936 πάντων
1061 2868 1313 2937 δεινότατον.

136 2983 278 3043 Similiter
302 2984 357 3043 XII
382 2984 432 3043 37.
458 2986 498 3044 38
525 2976 803 3066 πρῶτονμὲν-
828 2973 944 3043 ἔπειτα
969 3015 1011 3024 -
1036 2973 1084 3042 ἔτι
1108 2975 1144 3042 δὲ
1164 3016 1206 3024 -
1230 2974 1314 3041 πύν-

135 3108 201 3147 τιον
231 3081 267 3149 δὲ
297 3082 452 3167 μάλιστα.
499 3091 553 3149 XV
578 3092 730 3150 209—13
756 3083 969 3172 πρῶτονμὲν
993 3122 1034 3131 -
1060 3080 1175 3149 ἔπειτα
1201 3121 1240 3130 -
1265 3078 1313 3148 ἔτι

136 3186 172 3254 δὲ
196 3229 238 3237 -
263 3176 281 3255 ‘d
304 3190 341 3256 de)
365 3190 499 3257 πάντων
522 3190 715 3256 δεινότατον.

226 3306 336 3364 Rerum
359 3311 510 3379 gestemm
531 3306 696 3364 eouseoutIo
714 3311 901 3364 enumeretur
914 3305 945 3367 iu
960 3300 978 3381 5
995 3305 1034 3365 17
1050 3322 1091 3363 or.
1106 3303 1194 3363 XVII
1209 3300 1314 3385 πρῶ-

135 3429 204 3469 τον
233 3404 306 3488 μὲν
336 3400 432 3483 αὐτὸς
463 3401 628 3494 ἀφανίσας
659 3395 712 3493 ἔφ’
742 3396 836 3494 ἡμῶν
865 3398 961 3475 αύτὸν
989 3398 1095 3494 ᾐτιᾶτ’
1118 3399 1312 3494 ἠφανίσθαι,

135 3507 287 3577 ἔπειτα
319 3511 388 3596 (δὲ)
420 3512 651 3602 συλληφθέντα
676 3549 715 3559 -
741 3510 915 3577 ύιετιύλισε
937 3510 1184 3597 βασανίζεσθαι,
1210 3504 1311 3597 μετα

135 3616 180 3683 οὲ-
210 3614 329 3685 saoo'
354 3609 399 3698 σς
423 3619 537 3684 σιτίον
560 3617 626 3684 πε.
651 3628 687 3684 ο.
711 3625 754 3684 1v
779 3626 850 3685 140.
877 3627 948 3687 141.
972 3625 997 3685 x
1022 3628 1073 3686 35.
1096 3625 1165 3685 xvi
1189 3627 1239 3685 so.
1264 3625 1314 3698 31,

135 3732 240 3807 quibus
264 3734 380 3807 quidem
403 3733 476 3792 loeis
499 3733 647 3806 particula
671 3722 787 3792 ἔπειτα
812 3734 919 3792 omissa
944 3740 997 3793 est.

227 3921 254 3989 l)
274 3919 327 3975 Sed
346 3938 455 3991 semper
473 3922 508 3975 ad
527 3921 691 3993 perticulam
710 3924 819 3991 πρῶτον
838 3920 969 3975 articulus
988 3913 1018 3975 τὸ
1038 3921 1157 3975 edicitur
1170 3922 1245 3992 apud
1258 3922 1312 3975 Iso·

137 4011 252 4074 cratem,
273 4009 296 4064 si
313 4010 388 4065 inest
405 4010 463 4064 uis:
482 4010 577 4074 initio;
597 4010 630 4068 oi.
650 4009 713 4063 XVI
732 4014 756 4066 5.
776 4009 867 4064 XVIII
887 4014 902 4066 7
921 4003 964 4078 (τὸ
982 4010 1035 4082 μὲν
1053 4012 1208 4082 πρῶτον-
1228 4014 1313 4063 τελεο-

34 4116 40 4135 ·
135 4101 192 4151 τῶν
211 4098 261 4167 δὲ).
284 4103 325 4156 ll.
345 4117 387 4170 ep.
408 4100 446 4153 Ν
455 4101 479 4154 8.
499 4100 571 4155 VI'I.
591 4099 667 4153 XVII
682 4101 724 4158 32.
738 4101 774 4157 42
789 4091 831 4165 (τὸ
843 4100 896 4171 μὲν
910 4102 1019 4170 πρῶτον
1033 4130 1067 4138 -
1081 4102 1249 4161 τελευτῶντες
1281 4100 1312 4168 i).

226 4190 254 4259 2)
273 4188 409 4246 Schultze.
428 4189 628 4260 Prolegomeue
646 4188 675 4242 iu
690 4187 886 4243 Demosthenis
905 4204 976 4257 quoe
994 4187 1081 4243 fertur
1099 4188 1253 4245 orationem
1266 4188 1312 4243 od·

132 4295 230 4335 uersus
249 4278 422 4351 Apeturium.
441 4297 467 4351 p.
488 4281 523 4337 64
541 4295 600 4348 sqq.
