3172 4924
635 886 816 964 Uinn.

671 1083 777 1090 ——-

224 1211 336 1268 Paulus
359 1212 525 1269 Ludonicus
550 1211 637 1269 Galle
661 1217 748 1269 natus
773 1229 836 1270 sum
859 1212 991 1269 Dresdae
1015 1213 1109 1284 pridie
1129 1212 1198 1269 Idus
1213 1212 1312 1270 Iunias

134 1335 161 1376 a.
184 1319 212 1375 h.
237 1335 259 1375 s.
283 1318 358 1376 LIX.
389 1324 474 1389 patre
505 1319 662 1391 Ludouico,
696 1336 780 1390 quem
810 1324 877 1376 ante
907 1319 984 1377 hunc
1013 1320 1182 1376 uicesimum
1206 1336 1313 1376 annum

134 1430 322 1498 praematura
345 1431 437 1482 morte
461 1426 645 1497 absumptum
671 1443 735 1484 esse
759 1427 951 1483 uehementer
969 1426 1062 1498 doleo,
1086 1432 1181 1483 matre
1195 1426 1314 1484 Amalia

136 1537 264 1603 egente
294 1532 381 1604 Behr‚
413 1549 487 1603 quae
518 1533 594 1606 quod
626 1533 720 1590 adhuc
750 1533 791 1590 sit
820 1538 969 1606 superstes
1000 1533 1145 1590 maximae
1172 1533 1243 1590 mihi
1268 1539 1313 1590 est

135 1639 278 1696 laetitiae.
330 1638 431 1695 Fidem
465 1640 603 1710 profiteor
636 1640 844 1712 euangelicam.
896 1639 1004 1727 Primis
1036 1640 1204 1697 litterarum
1235 1640 1312 1697 rudi·

135 1747 242 1803 mentis
272 1747 302 1802 in
335 1745 403 1803 ludo
433 1746 550 1818 publico
575 1748 659 1803 etin
683 1763 725 1818 eo,
749 1747 797 1818 qui
821 1763 839 1803 a
861 1747 1034 1804 latomorum
1059 1748 1200 1805 societate
1223 1746 1312 1804 admi-

136 1853 288 1922 nistratur,
312 1853 441 1909 imbutus
465 1853 532 1909 inde
556 1854 593 1910 ab
618 1869 694 1910 anno
718 1854 826 1910 aetatis
849 1853 960 1910 decimo
984 1859 1087 1925 quarto
1113 1854 1235 1925 egregia
1256 1854 1312 1910 dis-

136 1960 244 2030 ciplina
274 1960 391 2016 scholae
423 1959 548 2016 Sanctae
572 1960 673 2018 Crucis
704 1966 734 2016 et
763 1961 910 2032 gymnasii
933 1961 1021 2032 Regii
1043 1961 1218 2018 Dresdensis
1243 1976 1312 2017 usus

137 2082 208 2122 sum
254 2067 288 2123 A.
313 2067 341 2122 h.
366 2083 388 2123 s,
411 2066 548 2123 LXXIX.
581 2067 761 2124 maturitatis
790 2067 959 2124 testimonio
990 2067 1150 2125 instructus
1180 2068 1311 2138 Lipsiaur

138 2188 184 2227 me
215 2173 333 2243 contuli·
361 2178 395 2229 ut
425 2173 605 2245 philologiae
636 2174 742 2230 studiis
772 2174 975 2231 incumberem
1035 2173 1155 2232 Scholas
1186 2175 1228 2231 ibi
1260 2191 1312 2247 per

138 2279 229 2336 octies
259 2296 311 2336 sex
341 2296 456 2336 menses
486 2280 589 2337 horum
619 2281 748 2337 uirorum
778 2280 927 2337 doctorum
955 2281 1155 2352 frequentauit
1192 2281 1311 2338 Bieder-

134 2385 242 2458 manni,
272 2386 403 2458 Braunii,
435 2385 536 2459 Curtii,
566 2387 739 2459 Ecksteinii,
769 2387 895 2459 Heinzii,
925 2387 1040 2459 Longu,
1064 2388 1167 2459 Lipsii,
1190 2388 1311 2460 Meyeri,

134 2491 318 2565 Ouerbechii,
341 2493 506 2565 Ribbeckii,
530 2493 738 2566 Struempellii‚
763 2493 883 2566 Voigtii,
907 2494 1053 2566 chckii,
1077 2493 1220 2551 Zarnckii.

197 2607 198 2615 ’
223 2598 433 2657 Proseminarii
462 2600 633 2673 philologici
663 2600 773 2657 sodalis
804 2601 847 2657 fui
876 2617 929 2672 per
960 2601 1018 2658 tria
1042 2601 1203 2674 sementum,
1228 2601 1310 2658 semi·

132 2705 210 2762 nan'i
232 2706 402 2778 philologici
425 2708 514 2777 Regii
538 2708 647 2765 sodalis
672 2702 921 2766 extraordinarius
944 2724 998 2780 per
1018 2724 1069 2765 sex
1084 2724 1209 2779 menses,
1234 2708 1310 2765 ordi-

131 2813 233 2869 narius
263 2829 317 2884 per
346 2814 391 2870 bis
422 2831 474 2870 sex
504 2832 627 2886 menses
658 2815 791 2872 historici
820 2832 873 2887 per
896 2832 947 2872 sex
971 2831 1095 2886 menses,
1118 2815 1310 2887 paedagogiei

131 2936 187 2990 per
216 2936 332 2977 annum.
378 2920 540 2978 Praeterea
563 2922 694 2994 contigit,
724 2927 758 2978 ut
781 2922 927 2993 particeps
952 2938 1044 2979 essem
1069 2921 1310 2978 exercitationum

130 3043 316 3098 perannum
340 3028 491 3085 societatis
514 3030 724 3100 grammaticae
748 3028 851 3100 Curtii,
875 3045 927 3101 per
951 3045 1002 3085 sex
1026 3044 1140 3085 menses
1160 3028 1310 3085 societatis

130 3135 318 3205 antiquariae
341 3136 490 3191 Romanae
514 3135 630 3207 Langii,
661 3153 714 3207 per
738 3135 810 3192 duos
834 3151 925 3191 annos
950 3135 1100 3193 societatis
1125 3135 1309 3206 antiquariae

130 3242 266 3297 liraeoae
289 3241 391 3313 Lipsii‚
416 3242 519 3312 quibus
543 3243 615 3298 uiris
639 3242 771 3299 omuibus
794 3243 903 3313 optime
927 3242 963 3298 de
985 3259 1030 3298 me
1049 3241 1163 3298 meritis
1184 3257 1310 3298 summas

128 3349 228 3405 habeo
252 3348 366 3415 gratias
390 3365 561 3419 semperque
584 3350 708 3406 habebo.
