3172 4924
604 292 732 360 ..χχ
782 315 823 340 ,«.

212 475 274 536 Iam
305 483 443 536 constans
473 495 543 537 usus
567 479 708 538 Isocratis
739 484 792 552 est,
821 481 976 543 articulum
999 483 1136 541 omittere
1159 485 1228 540 ante
1252 495 1301 540 nc·

118 585 202 643 miue
223 585 343 658 propria
365 587 537 657 populorum
561 591 592 643 et
614 587 777 645 incolarum
801 588 914 645 urbium
938 589 1068 662 exceptis
1091 590 1153 647 his:
1177 571 1305 649 ol‘h't.

118 686 213 773 ληνες
237 698 266 750 et
289 682 318 749 oi
337 673 453 763 Ἴωνες.
490 693 630 767 Idemque
652 694 686 750 fit
705 694 736 752 in
755 695 941 753 substantIuo
955 675 1132 776 ἅνθρωποι
1148 696 1300 755 coniuncto

119 817 186 856 cum
210 800 357 858 ediectiuo
382 791 503 871 πάντες
525 802 574 858 uel
597 785 785 873 lacrumo.
823 802 858 860 ln
882 803 1016 862 oratione
1030 803 1217 876 Trapenitics
1238 804 1300 861 eius

118 923 190 964 usus
214 908 287 964 haec
309 906 449 979 leguntur
472 908 622 980 exempla3
646 903 664 983 ἓ
689 909 739 967 36.
763 889 872 979 ἄλλως
893 925 930 967 τε
952 901 1008 984 καὶ
1023 899 1301 986 Λατεόαιμονιίιιν

117 1001 280 1093 οἷρχόντιον
303 1003 369 1071 κτλ.
416 1008 435 1088 ἓ
459 1015 509 1074 57.
534 1006 610 1095 περὶ
635 1005 791 1073 πλείστου
813 1009 879 1073 τῶν
891 1000 1050 1098 Ἑλλήνιον
1067 1001 1152 1094 ὑμᾶς
1166 1009 1300 1093 ποιοῦν-

22 1192 23 1195 ,
117 1138 185 1178 ται.
233 1115 251 1196 ἕ
276 1122 326 1180 23.
349 1113 557 1199 θρασύτατος
580 1105 739 1179 ἁπάντων
762 1109 951 1203 ἀνθρώπων
974 1115 1109 1204 ἐγένετο.

210 1228 335 1286 Insolito
359 1245 438 1287 more
462 1230 563 1302 paucis
586 1230 659 1287 locis
682 1230 760 1302 apud
781 1230 942 1288 Isocratem
965 1232 1058 1289 uerbo
1082 1220 1112 1288 oi
1137 1211 1228 1289 ἶν’λλοι
1251 1248 1300 1304 po·

126 1337 180 1394 sits
204 1340 274 1393 suut
296 1341 364 1409 post
382 1337 607 1409 substantiuum,
631 1353 751 1410 quocum
771 1338 924 1395 coniuncta
943 1342 1019 1410 sunt,
1044 1332 1127 1414 quod
1151 1333 1300 1397 munius

128 1437 217 1501 tolus
240 1437 502 1502 nosocomeion
525 1458 585 1502 oso
609 1454 673 1502 esse
696 1439 925 1503 auimodnertit
948 1436 1175 1522 strahow),-
1212 1444 1299 1502 ci.V
1397 1509 1400 1515 .

123 1551 169 1608 33.
198 1546 340 1639 &clinico
365 1541 401 1608 oo?
424 1539 481 1608 τὸν
503 1538 639 1632 ἀρχηγόν
653 1582 696 1591 -
718 1543 838 1626 τιμῶσι
854 1582 896 1590 -
914 1544 1039 1627 μᾶλλον
1063 1537 1083 1633 ἢ
1106 1539 1180 1623 τοὺς
1202 1539 1301 1622 hensio

119 1644 199 1726 τοὺς
214 1638 340 1729 ἅλλους.
361 1657 414 1716 Ἦ
431 1660 480 1718 73.
503 1646 559 1717 τὸν
582 1639 677 1734 ἶν’χλον
699 1646 755 1716 τὸν
778 1639 886 1716 ἄλλον.
916 1657 1003 1718 XVII
1017 1660 1068 1717 49.
1083 1645 1300 1740 ἀπεγράψατο

117 1755 179 1839 μὲν
202 1795 245 1803 -—
270 1748 315 1835 (ὃς
338 1758 452 1822 δοῦλον
474 1753 579 1842 μετὰ
602 1758 682 1823 τῶν
704 1755 883 1824 οἰκετῶν
906 1757 985 1822 τῶν
1008 1746 1155 1823 illino.
1179 1796 1222 1804 —-

210 1872 373 1930 Praeterea
396 1873 474 1945 apud
488 1873 688 1946 Thucydidem
713 1873 861 1931 nonnullis
886 1873 957 1930 locis
981 1873 1054 1929 haec
1072 1873 1302 1933 collocatione

119 1979 222 2035 iectiui
245 1960 344 2050 ἄλλος
373 1997 436 2037 eum
467 1981 594 2052 repetito
618 1980 742 2038 articulo
766 1979 926 2039 consociati
948 1980 1108 2052 repetitum
1125 1979 1169 2043 cf.
1191 1978 1223 2037 II
1248 1981 1298 2038 68.

115 2070 331 2165 Ἀμφιλοχίαν
353 2074 412 2168 τὴν
437 2069 536 2169 doleo
560 2077 675 2145 «ζ’κῑισε.
722 2087 769 2145 ΙΙΙ
794 2088 821 2145 6.
852 2079 910 2168 τῆς
933 2078 970 2144 δὲ
994 2079 1052 2169 γῆς
1073 2079 1133 2168 τῇς
1154 2079 1216 2162 μὲν
1238 2067 1299 2144 ἆλ-

117 2186 177 2274 λης
206 2184 367 2273 ἐκράτουν.
415 2194 457 2253 VI
480 2196 532 2253 48.
563 2181 632 2252 ἀλλ’
655 2184 688 2265 ἔς
715 2170 752 2252 τε
779 2182 840 2266 τὰς
870 2184 983 2264 πόλεις
1005 2184 1298 2275 ἑπικηρντεύεσῖλαι

120 2286 210 2381 πλὴν
234 2294 440 2372 Σελινοῦντος
462 2293 518 2359 καὶ
544 2298 758 2383 §enascentium
778 2291 839 2371 τὰς
867 2281 978 2371 ἄλλοις.
1025 2301 1067 2359 VI
1091 2301 1143 2360 67.
1167 2290 1198 2359 ολ
1222 2293 1299 2378 ξύμ-

116 2424 215 2483 μαχοι
239 2398 269 2465 oi
295 2389 399 2468 illoc.
446 2411 563 2467 Anien
587 2411 681 2468 Anah.
705 2408 753 2467 Ill
778 2408 828 2466 16.
852 2405 927 2479 ταῖς
948 2399 1055 2480 τάξεσι
1080 2404 1154 2480 ταῖς
1172 2388 1304 2481 illam„

118 2514 165 2571 III
191 2516 240 2573 19.
272 2504 332 2599 τὴν
364 2504 519 2596 στρατιὰν
549 2509 585 2575 δὲ
615 2504 674 2598 τὴν
704 2497 815 2599 iillum
869 2515 916 2575 ΠΙ
941 2515 992 2573 89.
1021 2508 1081 2597 τῆς
1096 2502 1211 2586 Ἀσίας
1239 2508 1299 2597 τῆς

119 2601 228 2704 ιλλλης.
266 2622 309 2681 Ν
334 2625 385 2682 29.
408 2612 482 2695 τούς
507 2612 626 2705 ψιλοὺς
647 2611 724 2694 τούς
747 2604 871 2694 ἶν’λλοος.
910 2622 937 2680 V
963 2623 989 2681 1.
1012 2618 1083 2692 τοῖς
1097 2606 1216 2694 ὅπλοις
1228 2620 1300 2693 τοῖς

117 2710 153 2784 τε
175 2709 294 2800 ἄλλοις.
342 2732 421 2788 Ante
445 2732 660 2789 substantiuum
684 2731 738 2790 illa
756 2733 848 2788 uerba
863 2731 1002 2802 leguntur
1016 2729 1094 2802 apud
1107 2729 1296 2789 Herodotum.

117 2834 160 2892 IV
185 2836 257 2909 176,
282 2839 310 2895 9.
334 2830 393 2919 τῆς
418 2818 519 2920 ἄλλης
540 2834 600 2920 τῆς
623 2869 665 2877 -
690 2829 830 2919 Λιβύης.

206 2943 305 3002 Uerhe
328 2945 470 3018 quaedam
494 2947 531 3003 ab
554 2945 687 3004 Isocrate
710 2961 824 3018 semper
847 2945 878 3002 in
902 2944 1025 3002 eundem
1043 2943 1174 3001 ordinem
1192 2943 1298 3016 redigi,

118 3050 231 3108 scilicet
253 3052 352 3109 hiatus
376 3052 508 3110 enitendi
532 3069 628 3125 eausa,
652 3054 709 3109 iam
733 3069 822 3125 supro
845 3052 914 3110 dixi.
947 3051 1049 3123 Neque
1072 3051 1134 3108 alia
1153 3049 1189 3106 de
1209 3067 1297 3109 causa

121 3159 209 3216 uerba
237 3151 362 3235 μᾶλλον
385 3145 407 3242 ἢ
436 3177 494 3216 non
523 3176 591 3227 raro
615 3160 658 3217 sic
682 3146 841 3231 coniungit,
865 3164 899 3217 ut
921 3157 1065 3216 uocabula
1088 3173 1146 3214 nou
1170 3157 1297 3229 Interpo-

116 3258 271 3338 nantur³);
295 3267 330 3325 cf.
354 3267 402 3325 ΠΙ
426 3267 477 3324 34.
500 3265 544 3324 Ν
568 3269 619 3325 53.
645 3266 701 3324 VH
718 3267 767 3325 52.
792 3264 933 3324 VH198.
957 3263 1104 3322 X11214.
1129 3263 1229 3321 XVIII
1245 3264 1296 3321 48.

114 3388 160 3444 ep.
185 3372 244 3431 Vll
269 3375 296 3432 l.
324 3374 405 3432 XVII
430 3374 480 3432 28.
506 3366 582 3444 πῶς
604 3360 660 3431 οὐκ
683 3359 722 3431 lio
745 3364 884 3443 δικαίως
907 3361 980 3448 ἐμοὶ
1004 3364 1128 3448 μᾶλλον
1151 3356 1171 3452 ἢ
1192 3361 1297 3449 τούτῳ

114 3470 193 3559 περὶ
217 3473 273 3538 τοῦ
297 3471 515 3561 γραμματείου
540 3473 722 3538 πιστεύοιτε
729 3497 738 3552 ,·
764 3481 814 3538 54.
838 3509 879 3520 -

204 3587 312 3646 Paucis
342 3589 414 3647 loeis
444 3589 475 3645 in
498 3588 640 3646 Isocratis
671 3588 852 3645 orationihus
884 3587 1004 3644 uerbum
1036 3571 1293 3662 ἀποστερεῖσθαι

112 3695 174 3751 uim
204 3695 329 3767 perfecti
358 3698 455 3768 habet,
485 3696 530 3753 ita
552 3701 586 3754 nt
608 3695 715 3752 dietum
740 3694 781 3751 sit
807 3711 860 3768 pro
884 3694 974 3751 nerho
999 3678 1296 3770 ἄιτοστέρεσθαι4);

207 3865 233 3933 1)
252 3864 351 3919 Bremi.
371 3882 428 3921 exc.
448 3865 494 3918 IV.

205 3954 232 4022 2)
252 3954 347 4007 Jahu's
366 3954 476 4008 Archiv.
497 3956 600 4025 Sppbd.
621 3955 665 4008 Ill.
686 3955 790 4027 (1834.)
808 3972 835 4024 p.
856 3956 919 4010 599.

205 4045 233 4113 3)
253 4043 409 4098 Schneider.
429 4045 449 4096 l.
468 4062 495 4113 p.
518 4047 569 4102 109
588 4063 627 4112 sq.

204 4133 307 4204 Haupt.
326 4134 368 4188 De
387 4136 406 4193 l.
425 4133 552 4203 epistulis
571 4135 590 4187 l.
610 4134 647 4185 Vl
675 4131 748 4190 Vlll.
785 4131 930 4186 Zitteuiue.
953 4131 1030 4189 1873.
1050 4147 1077 4198 p.
1098 4132 1123 4185 7.

204 4223 233 4292 4)
253 4223 408 4280 Schneider.
428 4225 462 4280 ll.
481 4242 508 4294 p.
528 4228 570 4280 59.
590 4253 623 4262 -
642 4221 751 4276 Veitch.
772 4220 862 4274 Greek
881 4220 978 4278 Verbs,
998 4229 1025 4309 χχ.
1046 4221 1106 4278 694.
