3172 4924
749 338 970 399 ..25-

273 506 485 597 ζήλοιμὲνοις
506 509 561 576 καὶ
586 505 647 590 τιίς
669 509 782 589 πόλεις
805 504 992 595 ὄνομαστιίς
1015 507 1206 597 γιγνομένοις
1221 546 1272 588 -—,
1288 506 1343 573 καί
1368 501 1455 594 πρὸς

271 615 397 695 τούτοις
418 614 483 683 usi.

360 749 493 824 Denique
516 767 552 807 ex
576 752 632 807 hac
654 749 864 807 transitionum
878 749 982 807 'classe
1001 750 1110 807 mentio
1130 748 1183 805 flat
1201 750 1304 806 harum
1323 748 1454 822 particu-

271 855 366 914 larum
388 857 605 930 copulatarum:
629 847 685 914 καὶ
708 849 770 933 μὲν
792 843 832 938 δή
859 847 990 933 (coifi),
1014 871 1088 929 quae
1108 854 1303 929 compluribus
1321 854 1393 912 locis
1412 855 1452 912 ab

270 963 403 1022 Isocrate
426 969 612 1037 usurpantur,
637 981 752 1036 semper
774 969 873 1022 tamen
897 964 948 1035 ita,
971 969 1005 1021 ut
1026 968 1094 1036 post
1113 962 1182 1021 Illas
1200 962 1362 1036 particulas
1381 963 1452 1021 iter·

270 1084 318 1129 um
348 1076 476 1144 ponatur
504 1062 560 1128 καί
596 1069 665 1140 (uno
690 1071 753 1129 loco
777 1061 835 1128 καὶ
859 1071 957 1129 deest:
980 1070 1027 1129 ΠΙ
1051 1068 1117 1143 16),
1141 1086 1205 1128 cum
1229 1070 1306 1143 apud
1329 1070 1451 1143 Lysiam

271 1181 302 1235 et
324 1177 441 1236 Isaeum
463 1178 633 1252 plerumque
656 1178 781 1236 alterum
805 1169 860 1235 καὶ
885 1169 1080 1249 omittaturI).
1115 1178 1150 1236 of.
1174 1178 1220 1236 III
1245 1179 1286 1237 36
1309 1168 1366 1235 καὶ
1388 1168 1453 1254 μὲν

271 1271 311 1366 δή
342 1275 399 1342 καί
432 1277 504 1363 περὶ
537 1277 748 1367 σιοιρροσύνής
778 1275 827 1343 ἔτι
850 1276 952 1362 μείζω
975 1276 1098 1343 τούτιον
1118 1274 1183 1361 ἔχω
1208 1278 1360 1343 διελθεῖν.
1405 1283 1452 1342 IV

272 1391 323 1450 89.
347 1392 399 1449 40.
430 1391 503 1450 VIII
527 1393 579 1451 24.
608 1392 666 1451 VH
690 1394 739 1451 66.
763 1392 804 1450 XI
828 1394 879 1451 21.
904 1394 955 1452 86.
978 1393 1031 1451 49.
1054 1392 1107 1451 XV
1132 1394 1183 1451 20.
1206 1391 1290 1451 XVII
1314 1393 1355 1452 29
1379 1382 1451 1450 καὶ

269 1489 345 1574 μὲν
367 1486 425 1579 δή,
452 1481 478 1556 oi
502 1480 648 1579 ἄνδρες
670 1491 888 1572 δικασταὶ,
914 1491 1073 1559 aniciis
1091 1492 1202 1582 ρήύιον
1215 1495 1303 1558 πᾶσι
1318 1495 1449 1577 γνῶναι,

270 1589 319 1664 ὅτι
344 1595 409 1663 usi,
455 1605 494 1664 Is.
518 1605 548 1664 X
574 1605 614 1664 12
638 1597 693 1664 καί
717 1599 780 1684 μὲν
802 1594 853 1689 δή,
880 1588 907 1664 τύ
931 1588 1054 1688 ἄνδρες,
1080 1594 1153 1666 οὐδὲ
1170 1593 1390 1686 Ἀριστομένει
1416 1620 1452 1686 με

270 1700 343 1771 ciris
360 1700 600 1793 Ἀπολλοδώρῳ
625 1742 665 1752 -
691 1701 765 1772 οὐδὲ
794 1707 920 1785 τούτοις
949 1707 1034 1796 ἐξήν.
1081 1715 1151 1788 Lys.
1174 1713 1218 1772 IV
1244 1716 1281 1773 13
1309 1704 1366 1771 καί
1389 1704 1453 1789 μὲν

270 1808 311 1902 δή
337 1808 422 1879 πολύ
446 1806 489 1878 uir
512 1812 711 1900 δικαιότερον
733 1812 791 1879 ἐπὶ
815 1813 916 1903 ταύτῃ
940 1818 980 1902 τή
1004 1811 1097 1901 αἰτίᾳ
1120 1810 1353 1901 βασανισθείη.
1391 1819 1452 1879 VII

271 1929 322 1987 36.
353 1928 378 1985 X
404 1931 431 1987 5.
457 1929 507 1987 29.
534 1928 590 1986 XII
615 1930 666 1986 30.
691 1930 741 1987 35.
766 1930 817 1987 49.
841 1928 910 1986 XIV
935 1931 984 1988 12.
1010 1931 1060 1987 32.
1086 1930 1136 1987 34.
1163 1927 1213 1986 43.
1238 1926 1290 1985 XV
1315 1930 1343 1986 9.
1367 1926 1452 1987 XXII

274 2035 323 2094 19.
348 2034 415 2093 XXI
440 2035 490 2094 23.
515 2033 610 2092 XXVI
637 2034 685 2093 11.
732 2036 790 2095 Sed
813 2036 844 2094 in
867 2036 1000 2093 oratioue
1023 2034 1123 2093 XVIII
1146 2030 1164 2109 ξ
1189 2036 1207 2093 9
1233 2025 1289 2092 καὶ
1312 2026 1374 2112 μὲν
1397 2022 1448 2117 δή,

271 2123 307 2199 oi.
332 2122 372 2199 ίί.
391 2135 430 2214 ιλ,
456 2133 511 2199 ναί
535 2132 722 2224 Ᾰιύγνήτος.

360 2267 406 2324 De
430 2267 656 2325 enumerationis
679 2268 833 2340 particulis
858 2269 909 2341 eis,
933 2284 1005 2341 quas
1028 2268 1087 2325 iam
1110 2273 1198 2325 antea
1221 2267 1350 2340 exposui
1373 2284 1451 2325 nunc

270 2390 362 2446 pauca
393 2373 507 2433 addam.
554 2375 651 2447 Atque
681 2375 805 2447 primum
837 2375 960 2449 quidem,
991 2375 1016 2432 si
1048 2375 1211 2448 complures
1242 2379 1452 2432 enumerantur

269 2498 327 2553 res,
351 2480 483 2538 uarietas
507 2482 726 2540 coniunctorum
749 2483 961 2555 particularum
985 2489 1031 2540 est
1054 2482 1195 2552 maxima3
1219 2483 1291 2540 haec
1315 2482 1452 2554 exempla

270 2589 432 2661 proferam:
456 2587 514 2646 XII
538 2588 588 2646 67.
614 2589 654 2646 68
680 2581 896 2668 πρῶτονμὲν
919 2619 959 2628 -
984 2579 1101 2647 ἔπειτα
1117 2619 1157 2628 -
1179 2578 1227 2647 ἔτι
1251 2579 1298 2646 δὲ.
1331 2587 1373 2645 IX
1400 2589 1450 2647 74.

271 2695 311 2753 75
336 2687 551 2774 πρῶτονμὲν
579 2724 613 2736 -·
641 2685 758 2753 ἔπειτα
783 2727 806 2737 .,
849 2683 931 2775 πρὸς
954 2688 991 2754 δὲ
1013 2688 1149 2766 τούτοις.
1197 2695 1358 2754 vullsa.
1377 2693 1450 2754 134.

271 2801 332 2861 135
358 2798 490 2883 πρῶτον
511 2795 573 2879 μὲν
597 2833 637 2841 -—
663 2795 805 2883 δεύτερον
828 2796 864 2861 δὲ
880 2833 919 2843 -
936 2793 1052 2882 τρίτον.
1085 2802 1142 2861 XII
1158 2804 1208 2862 30.
1225 2803 1275 2862 31.
1292 2805 1331 2862 32
1357 2800 1450 2882 πριῦ-

268 2927 325 2968 τον
346 2901 407 2986 μὲν
432 2938 471 2949 -
497 2899 613 2968 ἔπειτα
641 2940 678 2949 -
705 2900 751 2969 ἔτι
778 2903 847 2986 (δὲ)
871 2939 913 2950 -
937 2902 1099 2990 τέταρτον.
1147 2910 1204 2968 XII
1224 2911 1275 2969 37.
1292 2909 1331 2969 38
1355 2906 1447 2989 πρῶ-

269 3034 324 3075 τον
345 3008 406 3093 μὲν
430 3047 470 3055 -
492 3006 610 3075 ἔπειτα
637 3047 675 3056 --
700 3007 746 3076 ἔτι
771 3010 808 3075 δὲ
834 3047 873 3056 -
899 3009 1034 3075 νεάνισιν
1056 3010 1093 3074 δὲ
1115 3009 1272 3094 μάλιστα.
1309 3015 1445 3075 1117303

270 3124 379 3183 -213
413 3120 544 3202 πρῶτον
566 3115 627 3200 μὲν
650 3156 692 3164 —-
716 3114 833 3183 ἔπειτα
857 3156 899 3163 -
924 3112 972 3181 ἔτι
996 3115 1033 3182 δὲ
1057 3156 1099 3163 -
1123 3104 1142 3181 ὃ
1165 3117 1201 3182 δὲ
1225 3117 1359 3183 πάντων
1382 3117 1450 3182 δει-

270 3223 411 3290 νότατον.
458 3231 516 3291 Sed
540 3237 679 3305 quattuor
702 3238 816 3290 tantum
840 3233 912 3291 locis
931 3234 988 3289 hae
1010 3238 1079 3290 sunt
1093 3233 1293 3290 consociatae:
1317 3227 1451 3311 πρῶτον

268 3330 329 3416 μὲν
352 3369 394 3379 -
418 3327 534 3396 ἔπειτα
558 3368 600 3377 -
625 3328 671 3396 ἔτι
703 3331 740 3397 δὲ
764 3372 806 3378 -
831 3329 914 3419 πρὸς
943 3331 979 3397 δὲ
1011 3331 1152 3412 τούτοις;
1180 3340 1216 3399 cf.
1241 3338 1283 3397 Vl
1307 3341 1348 3398 62
1373 3329 1452 3398 ἐπί-

269 3462 394 3520 σταμαι
426 3432 487 3526 μιίρ
518 3441 649 3524 πρῶτον
678 3437 739 3522 μὲν
755 3434 954 3529 Ἀθηναίοις
976 3477 1018 3483 -
1044 3429 1150 3504 ὁτιοῦν
1173 3432 1215 3504 ύίν
1237 3437 1450 3528 ποιήσοντας·

269 3541 386 3610 ἔπειτα
409 3547 475 3608 τῶν
497 3531 608 3608 ύῖλλιον
632 3542 760 3611 πόλεων
783 3543 871 3611 ἔστιν
894 3532 936 3624 ἃς
960 3535 1084 3629 ὁμοίιος
1107 3539 1149 3610 ύίν
1168 3585 1210 3591 -
1234 3544 1451 3629 βουλευσομέ-

270 3671 335 3730 νας·
367 3648 414 3716 ἔτι
445 3650 482 3716 δὲ
506 3650 677 3718 Διονύσιον
701 3690 743 3697 --
767 3651 823 3718 καὶ
854 3647 930 3731 τούς
955 3640 1074 3730 ‹itton-
1097 3691 1138 3698 —
1163 3651 1449 3740 ἐπικουρήσοντας·

268 3753 351 3844 πρὸς
374 3756 410 3822 δὲ
434 3757 560 3837 τούτοις
581 3758 637 3824 καί
662 3759 727 3825 τῶν
749 3750 961 3848 Ἑλλήνιον-
977 3753 1053 3837 τούς
1075 3758 1300 3845 πρωτεύοντας
1313 3796 1356 3804 -
1370 3754 1451 3842 μεθ’

270 3858 361 3950 ύμιῦν
383 3853 481 3943 ύντας
503 3862 569 3931 aui.
591 3922 594 3928 .
615 3871 698 3946 §32
722 3874 787 3932 XIX
805 3876 855 3932 50.
877 3874 927 3931 ubi
940 3878 1040 3930 tamen
1054 3859 1137 3952 πρὸς
1151 3866 1186 3932 δὲ
1205 3867 1331 3943 τούτοις
1349 3875 1450 3948 tertio,

270 3970 317 4039 ἔτι
341 3972 378 4037 δὲ
401 3986 504 4054 quarto
529 3981 593 4039 loco
617 3981 737 4053 legitun
784 3980 868 4039 XVII
883 3982 933 4039 40.
949 3980 989 4038 41
1016 3974 1264 4059 πρῶτονμὲν
1287 3966 1349 4060 γάρ
1371 3964 1451 4057 ύμῖν

360 4183 387 4254 1)
407 4185 569 4255 Ljungdahl.
588 4203 615 4255 p.
635 4188 679 4242 42.

358 4275 386 4343 2)
406 4273 518 4348 Sohepe.
538 4292 565 4347 p.
588 4278 628 4331 15.
