3172 4924
864 902 1100 963 ''nm-1

842 945 885 1078 ss
982 978 1112 1043 rua

861 1062 903 1071 ,ἦ
958 1038 975 1059 ⁸-

275 1131 344 1241 De
367 1185 508 1243 Isocratis
532 1186 665 1243 oratione
689 1185 814 1257 septima
838 1184 950 1241 decima
974 1200 1048 1256 quae
1072 1184 1180 1242 dicitur
1203 1183 1341 1256 Trapezi-

163 1293 226 1349 tica
256 1293 423 1365 expositum
454 1309 572 1351 necesse
602 1292 673 1349 mihi
703 1291 821 1350 uidetur
844 1308 917 1363 csse,
945 1308 1039 1363 pauca
1061 1292 1092 1349 in
1115 1293 1282 1350 uniuersum
1305 1291 1341 1349 de

163 1400 293 1457 rhetoris
323 1400 404 1456 illius
436 1400 617 1458 orationibus
639 1390 679 1455 ‘in
709 1399 766 1457 fori
796 1416 879 1457 usum
911 1399 1084 1471 conscriptis
1107 1398 1245 1470 praefari.
1291 1399 1342 1456 nt

165 1507 243 1564 enim
275 1523 337 1565 cum
369 1506 577 1578 explorandum
608 1507 679 1564 mihi
702 1508 910 1580 proposuerim,
934 1523 1002 1564 num
1027 1506 1123 1563 iustae
1147 1506 1206 1563 sint
1230 1505 1342 1563 dubita-

163 1614 260 1671 tiones
291 1614 480 1671 anonnullis
512 1614 584 1670 uiris
615 1613 709 1671 doctis
740 1613 776 1671 de
805 1615 932 1686 genuino
964 1613 1107 1671 orationis
1138 1612 1341 1685 Trapeziticac

165 1727 233 1778 ortu
255 1721 399 1793 prolatae,
423 1721 487 1778 ficri
510 1737 568 1778 non
590 1726 697 1792 potest,
721 1722 790 1792 quin
811 1727 898 1778 antea
917 1738 972 1792 quo
992 1726 1131 1791 tanquam
1151 1718 1341 1776 fundamento

166 1828 336 1885 dissertatio
360 1828 474 1885 nitatur
498 1829 631 1899 quaestio
654 1828 708 1885 illa
731 1828 790 1884 iam
814 1844 832 1884 n
855 1829 1006 1885 ueteribus
1026 1831 1156 1885 tractate
1174 1827 1275 1898 paucis
1295 1842 1341 1882 ex·

165 1940 299 2008 ponatur,
319 1935 551 2006 composueritne
571 1936 718 1993 Isocrates
743 1936 858 1993 omnino
880 1935 1027 1993 orationes
1049 1933 1202 1991 iudiciales
1225 1949 1323 1991 necne.

254 2043 355 2114 Neque
381 2043 545 2099 mirandum
572 2047 617 2100 cst
643 2047 737 2100 ortem
763 2059 827 2100 esse
848 2042 923 2100 lranc
943 2040 1180 2111 controuersiam,
1201 2056 1264 2097 cum
1279 2055 1341 2096 ora-

166 2155 214 2207 tor
245 2150 307 2222 ipse
340 2149 536 2221 compluribus
567 2150 639 2207 locis
671 2156 761 2222 neget
793 2166 825 2206 se
857 2166 960 2207 causas
992 2148 1101 2209 dixisse
1134 2152 1221 2219 atque
1254 2146 1340 2203 uehe-

167 2261 283 2313 menter
312 2255 470 2313 innobatur
500 2257 530 2312 iu
555 2273 612 2328 eos,
646 2257 695 2327 qui
719 2257 899 2314 orationibus
922 2274 975 2328 pro
999 2257 1066 2313 aliis
1090 2255 1253 2313 scribendis
1277 2270 1342 2311 sese

168 2355 344 2434 dederintl).
390 2362 453 2432 Qua
483 2362 514 2420 in
543 2379 576 2420 rc
605 2380 725 2434 prorsus
756 2365 936 2421 consensisse
967 2380 1031 2421 cum
1058 2368 1142 2435 petre
1165 2362 1342 2434 Apherenm,

166 2469 258 2526 filium
282 2469 460 2541 adoptiuum,
483 2469 569 2526 testis
594 2474 640 2526 est
661 2469 822 2543 Dionysius
849 2462 1162 2540 Halicarnassensis‘b.
1202 2467 1259 2526 Sed
1279 2483 1342 2524 con·

166 2576 289 2632 tranium
321 2581 386 2633 erat
417 2576 615 2633 testimonium
645 2576 825 2649 Aristotelis,
857 2576 964 2634 multos
993 2575 1150 2633 fasciculos
1178 2575 1343 2632 istiusmodi

169 2682 334 2740 orationum
358 2682 539 2740 circumsessi
563 2683 639 2754 apud
662 2683 838 2755 bibliopolas
861 2676 1050 2755 narrantis3).
1084 2682 1142 2741 Sed
1163 2698 1257 2754 neque
1275 2682 1342 2738 huic

167 2806 261 2861 neque
291 2791 352 2847 illis
383 2795 493 2848 certam
524 2791 579 2848 hec
609 2791 640 2847 in
669 2807 702 2848 re
733 2791 820 2848 fidem
851 2807 915 2848 esse
939 2790 1102 2848 habendam
1124 2790 1287 2847 rectissime
1314 2794 1344 2846 et

167 2896 328 2969 Dionysius
358 2897 416 2953 ium
447 2898 585 2968 cognouit
616 2903 646 2954 et
674 2902 776 2955 nostra
799 2901 900 2955 aetate
924 2897 1017 2955 denuo
1041 2897 1263 2954 affirmaverunt
1286 2895 1343 2952 uiri

167 3004 254 3076 docti,
277 3009 396 3077 practer
418 3008 531 3062 ceteros
550 2997 664 3076 Buke4)
690 3010 720 3062 ct
744 2997 981 3075 Halbertsma⁵);
1005 3004 1093 3076 longe
1115 3002 1247 3075 profecto
1267 3002 1343 3059 locu·

86 3120 88 3123 ’
167 3110 277 3182 pletius
310 3116 356 3168 est
388 3111 587 3169 testimonium
620 3110 826 3182 Cephisodori‚
860 3111 995 3182 discipuli
1026 3110 1168 3168 Isocratis
1199 3110 1343 3183 Dionysio

166 3215 482 3308 testelstudiosissimi
512 3221 543 3273 ct
574 3217 772 3289 sincerissimi,
796 3218 845 3289 qui
868 3219 898 3276 in
921 3218 1006 3274 libris
1035 3200 1234 3296 ἀντιγραφαὶ
1258 3204 1343 3296 πρὸς

164 3304 371 3400 Ἀριστοτέλη
396 3321 545 3394 inscriptis
569 3324 751 3395 maximaque
775 3325 861 3382 lande
885 3325 1062 3398 aDionysio
1087 3324 1183 3397 cletis
1207 3340 1343 3397 praecep-

166 3434 261 3487 torem
276 3428 472 3501 aphilosophi
487 3429 568 3488 illius
583 3430 836 3502 obiurgationibus
851 3431 1009 3490 defendere
1033 3431 1193 3503 suscipiens
1212 3431 1267 3487 hoc
1284 3435 1343 3486 tra-

166 3534 290 3608 diderat,
315 3535 467 3608 scripsisse
491 3551 555 3593 eum
579 3538 694 3609 quidem
713 3539 861 3597 orationes
881 3539 1022 3611 forenses,
1047 3539 1099 3596 sed
1117 3555 1175 3595 non
1193 3531 1342 3608 multari).

302 3703 352 3758 XV
373 3708 385 3760 1
408 3722 465 3773 sqq.
486 3708 522 3761 40
541 3723 581 3774 sq.
610 3705 648 3759 lV
670 3709 727 3764 188.
1028 3754 1031 3761 .

302 3794 414 3863 Dionys.
434 3794 495 3849 Hal.
525 3795 566 3849 De
585 3796 665 3851 Isocr.
685 3796 775 3850 XVlll
794 3797 857 3866 (nol.
877 3796 910 3854 V.
930 3814 994 3867 pag.
1015 3800 1067 3854 576
1086 3795 1139 3863 It).

303 3883 369 3939 ibid.
598 3930 603 3941 .

303 3973 366 4028 Joh.
384 3973 469 4036 Bake,
489 3974 615 4030 Scholion
634 3975 865 4045 Hypomnemata.
895 3976 955 4033 Uol.
976 3975 1022 4029 lll.
1043 3993 1069 4044 p.
1091 3976 1132 4031 66.

301 4062 492 4116 Helbertsma:
513 4063 693 4129 Quaestiones
708 4065 870 4118 Isocretcac.
891 4063 1000 4129 Quaest.
1013 4065 1045 4116 ll.
1074 4063 1263 4130 Mnemosyne.
1282 4063 1342 4118 Uol.

255 4241 283 4309 6)
302 4239 395 4309 Dioys.
415 4239 516 4294 XVIII:
544 4232 679 4294 πιστεύων
705 4232 866 4314 γεγράφθαι
891 4233 988 4311 λόγους
1012 4232 1086 4301 τινὰς
1105 4232 1160 4292 ὑπὸ
1177 4242 1225 4292 τοῖΙ
1245 4231 1344 4312 ἀνδρὸς

166 4332 203 4388 εἰς
222 4319 389 4402 δικαστήρια,
409 4321 449 4402 μὴ
468 4321 704 4402 proterentibus.

275 4507 287 4541 .
636 4441 868 4547 cesse-r
1151 4419 1183 4474 ¹*
