3172 4924
726 337 918 394 -6..

237 533 358 588 quarum
389 518 429 574 ait
458 517 667 575 diuersissima.
724 515 862 586 Idemque
892 514 963 571 feeit
992 530 1084 585 nuper
1113 507 1302 583 Morawski¹i
1334 513 1414 570 nisus

238 625 350 682 duobus
374 625 556 696 argumentis
581 641 618 680 ex
642 622 759 680 dioeudi
781 638 835 679 usu
859 621 986 678 oratoris
1010 621 1140 693 sumptis.

329 731 436 790 Uerum
460 732 629 790 defensores
653 745 766 801 quoque
788 728 856 785 huie
880 728 1006 785 orationi
1029 744 1087 785 non
1104 727 1269 799 defuerunt,
1293 744 1415 799 quornm

237 839 430 909 grauissimus
463 838 601 896 laudetur
623 836 791 908 Dionysius,
823 836 872 907 qui
895 835 926 892 in
949 834 1056 892 iudicio
1079 834 1115 891 de
1137 835 1268 891 Isoorate
1286 835 1414 906 priorem

238 945 301 1002 eius
332 952 447 1018 partem
477 946 597 1017 profert,
629 948 662 1000 ut
685 943 849 1000 orationum
873 942 1055 1000 iudicialium
1078 942 1240 1014 exemplum
1263 942 1414 1014 praebeat,

241 1058 329 1124 atque
359 1053 435 1110 hano
465 1052 501 1109 de
526 1068 561 1108 ea
584 1050 675 1107 adicit
698 1050 883 1122 sententiam,
907 1067 965 1122 qua
987 1050 1086 1107 uerior
1109 1065 1173 1106 esse
1197 1049 1278 1107 nulia
1300 1054 1413 1121 potest:

237 1143 335 1216 ταῦθ’
362 1142 411 1217 ὅτι
439 1150 498 1234 μὲν
522 1142 588 1236 ὅλην
611 1150 658 1236 τῷ
681 1148 764 1235 γένει
788 1148 938 1236 διαφέρει
962 1150 1026 1213 τῶν
1050 1147 1277 1213 ἐπιδεικτικῶν
1300 1171 1334 1212 τε
1356 1145 1413 1212 καὶ

238 1258 521 1342 σεμβοιλειτικῶν
545 1254 629 1322 κατὰ
653 1254 711 1322 τὸν
735 1256 924 1343 χαρακτῆρα
950 1256 1006 1343 της
1029 1255 1155 1335 λέξειας,
1187 1247 1294 1332 αὖδείς
1317 1254 1414 1333 ἐστιν,

239 1349 275 1441 ὃς
299 1356 357 1429 αἶα
381 1362 421 1430 ἂν
445 1356 680 1452 ὁμολογήσειεν·
712 1355 749 1428 or'·
772 1363 882 1445 μέντοι
906 1357 1105 1429 παντάπασί
1128 1386 1162 1450 γε
1185 1358 1243 1450 την
1265 1354 1413 1448 Ἰσοκρα-

238 1494 324 1535 τειον
355 1463 484 1559 ἀγωγην
514 1469 700 1558 ἐκβέβηκεν
732 1461 839 1558 ἆκαρη
873 1471 910 1535 δέ
939 1496 1011 1535 τινα
1042 1463 1192 1549 διασώζει
1224 1470 1282 1557 της
1310 1493 1412 1533 κατα

239 1578 356 1665 σκενης
385 1577 439 1642 καὶ
465 1576 677 1664 σεμνολογίας
705 1575 830 1665 ἐκείνης
853 1571 1068 1665 ἒνθιιιημαια
1089 1577 1148 1642 καὶ
1172 1570 1412 1666 τιαιητικιῖντερα

237 1685 360 1768 μᾶλλόν
384 1685 471 1751 ἔστιν
497 1684 515 1773 ἢ
539 1678 776 1774 ἀληθινώτερα.

328 1800 442 1858 Deinde
465 1801 511 1857 his
535 1801 715 1873 temporibus
738 1800 880 1872 imprimis
894 1795 1059 1871 Blassins²)
1085 1816 1148 1857 oum
1163 1800 1238 1857 hano
1253 1800 1414 1857 orationem

239 1908 363 1965 Isocrati
386 1907 536 1965 uindicare
560 1908 674 1965 studuit
696 1914 758 1965 tum
781 1908 896 1964 omnino
920 1907 1142 1964 fundamentum
1166 1906 1290 1964 uerioris
1314 1908 1414 1964 indioii

238 2014 275 2071 de
308 2015 432 2086 singulis
465 2016 647 2072 orationibus
686 2016 851 2072 forensibus
888 2015 1016 2072 faciendi
1048 2015 1154 2072 iecisse
1186 2014 1256 2071 mihi
1289 2014 1414 2072 uidetur.

239 2121 371 2192 Denique
387 2116 541 2193 (uenienti)
567 2123 597 2180 iu
611 2122 834 2179 dissertatione:
859 2122 918 2193 „De
933 2121 1095 2178 elocutione
1109 2117 1272 2179 Isooratea“
1296 2122 1415 2193 seripta,

239 2229 268 2285 iu
292 2245 351 2300 qua
373 2234 509 2286 aoenrate
539 2235 653 2300 partem
683 2229 820 2286 diotiouis
844 2229 1011 2286 Isoerateae
1034 2235 1236 2300 perscrutatus
1260 2235 1314 2301 est,
1339 2230 1415 2286 male

240 2335 423 2393 abiudicatas
447 2352 511 2393 esse
536 2337 572 2393 ab
595 2336 726 2393 Isocrate
749 2336 910 2393 orationem
925 2337 956 2393 in
969 2314 1138 2408 Euthpnunr
1153 2342 1184 2393 et
1198 2337 1414 2407 Trapezitioam

240 2443 296 2500 sibi
319 2459 489 2515 persuasum
513 2460 578 2501 esse
602 2444 765 2501 oontitetur.

329 2550 439 2620 Quibus
463 2567 499 2608 ex
522 2551 638 2608 iudiciis
662 2554 792 2623 apparet,
817 2550 945 2607 uirorum
969 2550 1118 2607 doctorum
1141 2551 1303 2607 sententias
1327 2549 1414 2607 ualde

239 2657 406 2728 discrepare
436 2659 577 2730 imprimis
607 2659 643 2715 de
673 2658 800 2729 genuino
831 2662 896 2714 ortu
927 2657 1068 2714 orationis
1099 2657 1310 2730 Trapezitioae.
1357 2658 1415 2715 Sed

240 2778 316 2820 nuno
338 2764 454 2835 qrridem
466 2838 468 2841 Ι
479 2766 514 2823 de
538 2766 593 2823 hae
616 2766 679 2822 sola
703 2764 848 2821 dubitatio
867 2764 972 2821 relicta
988 2769 1042 2835 est,
1066 2781 1130 2821 oum
1146 2765 1319 2837 Aeginetioa
1334 2781 1416 2838 aper·

241 2871 354 2928 tissime
377 2888 449 2944 prae
469 2890 500 2930 se
514 2875 592 2931 ferat
605 2872 745 2930 Isocratis
761 2877 855 2928 artem
870 2877 900 2927 et
913 2870 1041 2928 indolem
1056 2889 1090 2928 ao
1105 2873 1267 2944 complures
1280 2873 1337 2929 loci
1351 2889 1414 2929 oum

240 2980 392 3038 Plataioae
414 2987 444 3038 et
466 2980 681 3037 Oallirnaeheae
696 2971 898 3050 congruanr),
913 2979 1111 3036 Callimaehea
1126 2977 1257 3048 (XVHI)
1273 2984 1370 3035 autem
1385 2984 1415 3035 et

241 3087 334 3144 oratio
356 3088 386 3144 in
403 3087 571 3160 Euthynnm
588 3083 688 3157 (XXI)
712 3085 907 3142 defendantur
927 3086 1103 3145 auctoritate
1120 3085 1299 3157 Aristotelis,
1321 3086 1415 3156 quiin

241 3200 305 3250 arte
320 3195 469 3251 rhetorioa
484 3192 535 3265 (II,
556 3192 608 3263 19)
624 3192 772 3264 Isocratis,
791 3199 824 3249 ut
838 3199 941 3265 aperte
955 3193 1034 3265 dioit,
1048 3195 1139 3250 uerba
1153 3193 1295 3265 quaedam
1310 3193 1416 3251 afferre

240 3302 297 3358 sibi
328 3301 445 3359 videtur
475 3318 511 3357 ex
541 3301 673 3358 oratioue
703 3299 842 3356 uioesima
865 3300 974 3372 prima,
1007 3318 1081 3372 qnae
1104 3301 1256 3358 tamenin
1280 3300 1417 3358 duodeni·

241 3408 348 3465 resima
372 3399 550 3479 legentum).

330 3516 412 3572 Haeo
441 3521 510 3572 sunt
539 3533 613 3587 quae
643 3516 674 3572 iu
702 3515 869 3573 uniuersum
893 3517 929 3573 de
953 3515 1092 3572 isoeratia
1116 3515 1298 3572 orationibus
1322 3515 1416 3570 toren-

241 3624 321 3681 sibus
343 3623 561 3693 praemittenda
584 3640 650 3680 esse
674 3623 849 3681 existimaui.

332 3830 357 3897 1)
377 3828 489 3882 Ztsehft.
512 3827 530 3880 f.
551 3829 631 3880 oestr.
652 3827 781 3895 Gymnas.
804 3831 880 3885 1879.
919 3825 1128 3894 Belum-kungen
1146 3844 1178 3878 zu
1197 3824 1251 3878 den
1271 3825 1417 3882 Attisohen

242 3918 375 3971 Rednern.

331 4010 357 4075 2)
376 4005 472 4074 Eloqu.
493 4006 551 4060 Ate.
572 4007 604 4059 11.
624 4025 650 4076 p.
670 4009 730 4062 211.
848 4078 852 4084 .

331 4096 357 4163 3)
377 4096 416 4149 De
436 4097 533 4151 elocut.
554 4097 634 4149 lsoor.
672 4096 742 4149 Dies.
763 4097 857 4166 inaug.
877 4094 948 4164 Lips.
971 4098 1046 4151 1874.
1067 4113 1093 4164 p.
1116 4098 1156 4151 le.

331 4187 358 4254 4)
376 4185 463 4239 Blass.
483 4184 580 4253 Eloqui.
600 4186 658 4239 Aet.
679 4187 711 4239 11.
730 4204 757 4255 p.
778 4191 830 4243 216
850 4204 908 4254 sqq.
929 4202 951 4238 e.
971 4190 1031 4241 218.
1052 4186 1113 4239 adn.
1134 4191 1157 4240 2.

331 4275 358 4341 5)
377 4274 495 4327 Usener:
515 4275 584 4328 Mus.
604 4274 691 4328 Rhen.
711 4276 765 4328 uol.
785 4274 868 4328 XXV.
889 4294 915 4343 p.
935 4279 996 4332 603.
