3172 4924
482 356 516 436 εἷ
740 383 779 390 “
827 353 846 409 4
892 383 935 390 “

251 528 385 599 Apparet
415 532 512 585 antem
544 534 652 600 qrranto
683 530 777 601 pluris
800 530 965 587 habendum
990 531 1106 588 sithoc
1130 532 1319 604 Cephisodoti
1343 531 1425 588 testi-

251 636 377 692 mouium
401 652 487 707 quam
511 635 585 693 illud
607 637 789 707 Aristotelis,
814 638 863 709 qui
886 638 1102 696 inimicissimus
1127 651 1191 696 erat
1210 640 1358 711 isocratis,
1383 644 1425 694 at·

250 758 306 813 que
329 743 414 801 huius
438 744 539 816 ipsius,
563 760 647 815 quem
671 750 783 816 postea,
808 761 871 801 cum
895 752 974 803 totns
998 748 1029 803 in
1053 748 1200 804 orationes
1221 746 1424 803 demonstrati-

249 865 303 906 uas
334 856 364 907 et
394 850 605 908 deliberatinas
635 853 848 922 componendas
876 853 1057 925 incubuerat,
1091 854 1226 926 despecto
1250 853 1424 925 logographi

248 973 368 1015 munere
391 958 533 1029 quondam
558 974 623 1016 esse
646 958 777 1017 functum
800 961 939 1032 puduisse
963 961 1139 1018 credendum
1155 968 1209 1019 est.

286 1117 288 1121 .
337 1065 417 1135 Quae
441 1079 505 1122 cum
528 1071 572 1122 lta
595 1066 663 1138 sint,
687 1067 745 1124 iam
768 1068 823 1124 hoc
836 1065 993 1125 tenendum
1008 1084 1073 1124 esse
1089 1074 1197 1142 statuo,
1222 1068 1420 1141 quaestionem

247 1171 329 1228 illam
360 1170 516 1229 diiudicari
545 1171 735 1246 Cephisodori
764 1175 947 1246 testimonio,
978 1174 1059 1230 cuius
1090 1177 1297 1233 auctoritatem
1322 1174 1420 1232 Cicero

250 1294 363 1349 quoque
387 1285 504 1336 secutus
528 1281 628 1338 estin
652 1281 744 1337 Bruto
753 1272 785 1351 1),
808 1296 901 1350 neque
924 1296 1008 1352 posse
1032 1282 1145 1351 negari,
1169 1281 1332 1339 Isocratem
1355 1281 1423 1338 scri-

247 1385 341 1456 psisse
365 1386 514 1444 orationes
537 1387 696 1444 iudiciales.

334 1493 525 1551 Halbertsma
547 1474 653 1565 autem,
677 1493 794 1564 (lobeto,
817 1497 851 1549 ut
864 1493 927 1564 ipse
942 1493 1022 1566 dicit,
1036 1487 1077 1551 *iu
1091 1495 1201 1552 scholis
1215 1495 1420 1566 praecedente,
1463 1488 1466 1493 ’

246 1617 281 1656 ex
305 1600 376 1671 ipsis
400 1601 461 1659 illis
484 1601 565 1671 locis,
588 1600 692 1671 quibus
710 1600 855 1656 Isocrates
880 1601 915 1657 de
940 1601 1121 1658 orationibus
1144 1602 1308 1658 forensibus
1328 1602 1419 1657 uerba

245 1707 326 1780 facit,
350 1707 511 1779 concludit,
535 1713 596 1763 tres
620 1707 734 1778 quidem
758 1707 794 1764 de
819 1708 877 1780 eis,
902 1724 976 1779 quae
999 1709 1083 1765 nobis
1107 1714 1242 1765 seruatae
1267 1709 1342 1780 sint,
1366 1723 1417 1778 pro
1492 1768 1496 1774 ,

245 1815 351 1886 spuriis
376 1831 439 1871 esse
462 1813 620 1886 habendae,
644 1815 720 1886 quod
743 1814 785 1871 sic
808 1816 908 1872 studet
932 1815 1094 1887 explicare:
1118 1817 1267 1873 orationes
1286 1816 1419 1872 forenses

244 1922 280 1978 ab
303 1922 435 1979 leocrate
458 1921 564 1978 iuuene
587 1922 711 1994 scriptas
731 1939 788 1979 non
803 1922 956 1978 admodum
971 1923 1062 1979 bonas
1076 1922 1184 1992 fuisse,
1208 1939 1265 1994 qua
1280 1924 1315 1980 de
1331 1939 1419 1980 causa

243 2028 383 2086 audacter
397 2045 461 2085 eum
476 2044 609 2101 negasse,
624 2046 656 2086 se
670 2045 796 2101 unquam
811 2029 953 2086 eiusmodi
968 2029 1115 2086 orationes
1130 2029 1236 2087 fecisse
1251 2036 1417 2101 sperantem

242 2136 305 2193 fore
328 2143 361 2193 ut
384 2137 523 2193 memoria
547 2153 647 2193 earum
670 2138 882 2194 obscuraretur.
915 2137 1011 2208 Igitur
1034 2153 1092 2193 non
1114 2154 1199 2208 posse
1217 2137 1289 2209 fieri,
1313 2142 1346 2194 ut
1360 2139 1417 2194 1166

241 2248 303 2299 tres
333 2244 496 2301 orationes:
527 2243 716 2316 Aeginetica,
747 2242 959 2316 Gallimaohca,
990 2244 1177 2316 Trapezitica
1205 2245 1316 2301 fuerint
1339 2246 1417 2301 inter

241 2366 349 2420 paucas
372 2350 441 2407 illas
465 2367 483 2407 a
506 2349 702 2423 Cephisodoro
733 2350 918 2423 designatas,
950 2367 1013 2407 cum
1036 2367 1130 2422 neque
1152 2351 1299 2407 Isocrates
1322 2367 1416 2421 neque

241 2458 391 2528 quisquam
415 2458 491 2514 alius
516 2475 566 2515 eas
590 2459 741 2531 scripsisse
765 2458 822 2514 sibi
845 2458 981 2515 dedecori
1005 2458 1143 2515 ducturus
1167 2457 1266 2528 fuerit,
1294 2473 1414 2528 quarum

241 2568 355 2620 tautam
379 2580 443 2621 esse
466 2567 687 2638 praestantiam,
711 2572 743 2622 ut
766 2567 816 2622 uix
839 2566 947 2638 Lysiae
971 2570 1001 2621 et
1023 2565 1230 2622 Demosthenis
1254 2565 1367 2621 cedant.

329 2670 386 2728 Sed
409 2678 534 2743 apparet
556 2689 642 2742 quam
665 2672 779 2729 lubrica
803 2678 833 2728 et
856 2689 975 2743 prorsus
990 2689 1026 2728 ex
1042 2672 1165 2728 libidine
1179 2676 1293 2728 statuta
1308 2672 1348 2728 sit
1362 2672 1415 2727 illa

149 2790 151 2794 ⁴
239 2777 445 2835 Halbertsmae
475 2779 638 2850 sententia,
669 2795 726 2835 non
756 2780 910 2836 admodum
934 2781 1025 2835 bonas
1049 2779 1140 2836 fuisse
1164 2778 1233 2836 illas
1257 2778 1414 2850 6166161166,

239 2902 296 2956 qua
319 2885 382 2941 sola
404 2886 511 2942 nititur
534 2886 701 2942 coniectura
724 2886 802 2942 docti
824 2886 941 2943 Bataui.
975 2886 1057 2956 Quod
1080 2903 1116 2942 ne
1131 2902 1188 2942 uuo
1204 2886 1319 2956 quidem
1334 2891 1413 2942 certo

238 2998 408 3063 argumento
439 2998 538 3064 potest
567 2992 666 3050 fnlciri
696 2997 727 3051 et
757 2993 834 3049 omni
863 2992 1119 3050 uerisimilitudinc
1148 2970 1245 3065 caret,
1277 2992 1412 3064 quoniam

237 3100 333 3156 malae
356 3101 497 3157 Isocratis
521 3100 667 3157 orationes
692 3101 753 3158 eius
777 3100 894 3172 generis
917 3099 965 3155 uel
989 3099 1026 3155 ab
1040 3099 1205 3156 Aristotele
1228 3099 1277 3156 uel
1294 3101 1330 3156 ab
1345 3100 1413 3156 aliis

237 3188 423 3279 uituperatae
447 3208 581 3281 fuissent,
605 3208 682 3279 quod
695 3209 862 3281 Dionysius,
887 3208 936 3279 qui
959 3205 1074 3263 omniuo
1098 3206 1129 3263 in
1153 3211 1247 3263 totam
1261 3208 1337 3263 hane
1351 3223 1412 3263 rem

238 3315 457 3371 accuratissime
480 3314 667 3384 inquisiuisse
692 3315 815 3387 uidetur,
838 3315 869 3371 iu
892 3314 998 3371 iudicio
1017 3315 1052 3371 de
1067 3314 1198 3372 Isocrate
1213 3320 1411 3371 memorasset.

326 3420 383 3478 Sed
398 3420 523 3478 alterum
538 3422 728 3479 Halbertsma
737 3421 851 3493 profert
861 3427 1079 3492 argumentum:
1094 3421 1253 3478 lsocratem
1264 3427 1411 3477 recentem

237 3547 252 3586 e
277 3529 406 3600 Gorgiae
430 3529 530 3586 schola
552 3546 610 3587 nou
633 3531 763 3602 potuisse
787 3529 914 3585 scribere
938 3528 1104 3599 oratIones,
1129 3528 1230 3598 qrrales
1255 3532 1316 3583 tres
1339 3528 1410 3584 illae

236 3642 348 3706 essent;
379 3653 445 3693 nam
475 3653 576 3693 carere
607 3653 656 3692 eas
686 3637 749 3693 fere
778 3637 876 3695 fucato
908 3641 938 3692 et
970 3635 1127 3692 artificioso
1152 3631 1266 3689 dicendi
1289 3649 1409 3706 genere,

236 3744 312 3816 quod
335 3744 366 3800 in
389 3744 575 3817 Panegyrica
599 3742 732 3800 oratione
756 3744 932 3800 inueniatur.

324 3852 416 3921 Quam
445 3864 612 3922 peruersam
643 3851 819 3907 sententiam
850 3868 907 3907 non
935 3848 1040 3921 melius
1062 3846 1187 3903 refutari
1210 3863 1297 3919 posse
1323 3848 1408 3905 credo

235 3976 319 4030 quam
350 3959 441 4031 ipsius
468 3956 608 4013 Isocratis
632 3957 738 4029 uerbis,
762 3958 810 4027 qui
835 3956 961 4014 dilucide
985 3956 1014 4011 in
1038 3954 1243 4026 Panegyricae
1267 3957 1408 4012 orationis

234 4063 251 4137 ἕ
276 4066 312 4124 11
342 4067 434 4138 docet,
466 4063 547 4121 aliud
578 4080 671 4134 genus
696 4065 858 4122 orationum
883 4065 972 4121 alium
995 4062 1145 4134 requirere
1169 4064 1277 4135 stilum,
1301 4063 1408 4134 simpli-

232 4204 444 4213 *κο-...ᾑρ-

322 4288 348 4354 1)
369 4289 409 4349 11,
429 4291 463 4342 48
