3172 4924
766 344 988 414 ,ητ-

376 533 502 606 Saepius
534 534 716 591 enumeratio
739 535 783 592 sic
805 550 918 608 quoqne
942 533 1116 607 instituitur,
1140 540 1173 591 ut
1195 533 1366 607 particulae
1391 518 1470 609 ιτρδς
1559 542 1560 605 ζ

287 631 323 696 δὲ
355 631 479 712 τούτοις
508 641 706 713 adiungantur
736 641 890 713 particulis
919 633 980 717 μὲν
1005 672 1043 679 -
1069 632 1153 713 δὲ1);
1177 642 1215 699 ci.
1242 639 1329 698 XVII
1353 639 1405 697 49.
1431 640 1468 696 50

286 726 322 818 ‘oc
354 735 519 824 τὸνμὲν
541 741 650 806 τταῑδα
674 737 817 828 ἔφασκεν
840 736 1157 830 ἀνδραποδισθῆναι,
1182 735 1257 805 τὸν
1281 734 1407 805 αὐτὸν
1429 739 1449 802 δ
1456 737 1469 803 ὲ

286 846 436 913 τοῦτον
465 837 685 935 διτεγρδιιιατο
715 847 790 931 μὲν
814 887 866 928 -,
900 846 994 914 ἐπεὶ
1026 842 1055 913 δ’
1078 842 1175 913 αὐτὸν
1198 837 1295 936 ἠξίου
1319 886 1363 893 -
1389 841 1471 933 οἴσῃ·
1560 902 1561 915 .

286 944 370 1040 oei'il'
395 946 441 1034 rig
464 954 633 1041 ἐλεύθερον
656 943 743 1021 ὅντα.
773 951 875 1044 ττρός
898 955 940 1021 δὲ
964 954 1131 1034 τούτοις
1146 995 1187 1003 -
1203 953 1383 1044 ἐτόλμησεν
1405 949 1469 1018 ari.

287 1068 343 1128 XV
370 1069 531 1128 155-56.
555 1069 596 1127 XI
621 1071 760 1129 66-67.

376 1194 433 1253 Sed
464 1201 496 1252 ut
528 1195 730 1268 intellegatur,
763 1201 901 1270 quantum
926 1196 1043 1253 differat
1064 1212 1174 1269 paruus
1198 1210 1339 1252 numerus
1363 1193 1471 1264 Lysiae

288 1301 497 1361 transitionem
520 1303 607 1360 huius
631 1304 757 1375 generIs,
781 1303 933 1376 legitimae
958 1303 1020 1360 eius
1038 1303 1095 1360 lrae
1111 1295 1227 1375 suntlp
1254 1288 1471 1381 πρῶτονμὲν
1561 1286 1562 1299 ’

289 1440 329 1447 -
355 1397 471 1466 ἔπειτα
496 1441 536 1448 -
563 1398 620 1466 ἔτι.
645 1409 730 1467 XVII
755 1409 785 1468 8.
808 1409 886 1467 XXX
911 1412 962 1468 19.
997 1402 1127 1490 ττριῦτον
1149 1401 1210 1485 μὲν
1225 1440 1267 1448 -
1285 1398 1404 1466 ἔπειτα
1429 1434 1469 1443 -

288 1504 414 1573 {iterum
440 1515 516 1573 XIII
541 1515 592 1574 97.
616 1515 711 1574 XXVI
736 1519 787 1575 23.
811 1517 882 1574 XIII
900 1519 947 1575 13.
979 1512 1110 1596 πρῶτον
1132 1508 1193 1593 μὲν
1218 1547 1259 1555 —-
1286 1504 1405 1572 ἔπειτα
1429 1542 1468 1551 ·-

202 1654 205 1659 ·
286 1614 340 1680 καὶ
365 1610 418 1712 δὴ..
441 1622 512 1682 XIII
536 1626 564 1681 4.
617 1620 748 1703 ιτριῦτον
770 1610 1173 1700 ιιέν-είτα-ἐίτειτα,
1202 1624 1217 1682 I
1243 1625 1285 1681 40
1311 1622 1469 1694 (Isocrates
1562 1652 1563 1685 f

286 1715 357 1786 εἶτα
382 1747 527 1803 nunquam
552 1731 765 1789 enumerationi
789 1731 936 1804 inseruit).
983 1724 1116 1810 ιτριῖιτον
1137 1722 1198 1807 μὲν
1222 1762 1264 1769 -
1290 1715 1374 1788 εἶτα.
1400 1724 1467 1784 XIll

287 1839 338 1896 86.
385 1831 517 1915 πρῶτον
538 1829 599 1913 μὲν
622 1816 686 1896 σίν.
711 1837 786 1896 XIII
811 1824 877 1897 7.²1
902 1841 929 1896 9.

374 1945 399 2002 Ε
423 1945 656 2017 transitionibus,
681 1962 755 2019 quae
777 1946 894 2019 proprie
918 1946 1062 2018 dicuntur,
1086 1947 1159 2002 haec
1179 1944 1270 2017 digna
1286 1960 1353 2001 esse
1368 1941 1464 1998 uiden·

286 2058 335 2109 tur
358 2057 526 2110 memoratu.
573 2051 632 2109 Pro
655 2053 809 2125 particulis
832 2045 893 2128 μὲν
917 2035 979 2123 οὖν,
1006 2069 1079 2125 quae
1104 2059 1134 2109 et
1157 2052 1234 2124 apud
1255 2053 1419 2109 Isocratem
1439 2050 1467 2101 et

192 2204 197 2221 .
286 2159 363 2231 apud
393 2159 521 2233 reIIquos
552 2164 684 2216 oratores
712 2144 883 2231 saepissime
907 2164 1070 2233 occurrunt,
1094 2160 1190 2216 rarius
1214 2163 1378 2232 usurpatae
1401 2156 1466 2210 sunt

284 2257 345 2342 μὲν
377 2255 490 2337 τοίνυν,
523 2281 598 2338 quae
628 2267 705 2339 apud
735 2266 850 2324 Isaeum
882 2267 976 2325 solum
1006 2262 1220 2340 frequentiores
1249 2282 1316 2322 esse
1340 2256 1466 2321 affirmat

286 2364 467 2447 Saepiosi).
519 2372 571 2429 Bis
602 2374 632 2430 in
663 2390 703 2432 or.
733 2373 819 2431 XVII
850 2372 868 2449 ξ
893 2376 944 2433 44.
976 2357 1021 2445 cip
1049 2363 1109 2450 μὲν
1139 2363 1245 2430 τοίνυν
1276 2354 1316 2455 ἦν
1345 2360 1383 2428 τί
1410 2383 1465 2444 μοι

286 2467 394 2538 ιτολλά
426 2466 562 2562 χρήματ)
585 2472 703 2537 ἐνθάδε
728 2512 767 2520 -
793 2468 883 2561 τταρδ
917 2478 980 2538 τῶν
1011 2461 1119 2539 δίλλιον
1143 2476 1208 2537 τιῦν
1230 2468 1366 2539 εἷδὸτιον
1390 2463 1465 2554 ἄκη-

286 2577 391 2646 κόατε.
439 2582 457 2661 ἓ
482 2587 532 2645 33.
557 2570 607 2644 ὅτι
630 2579 690 2664 μὲν
716 2577 819 2645 τοίνυν
838 2576 897 2659 τὰς
915 2578 1082 2670 συνθήκας
1100 2573 1323 2669 {scertamen
1338 2616 1380 2624 -
1396 2572 1465 2639 iac-

287 2687 349 2766 νιῦς
372 2686 599 2768 ἐπιδεδεῖχθαι
627 2686 758 2772 νομίζον.
783 2695 835 2752 XX
861 2696 888 2753 1.
913 2694 965 2752 XV
990 2695 1040 2753 67.
1067 2695 1116 2753 74.
1141 2692 1206 2752 XIX
1231 2696 1282 2753 21.

373 2820 440 2877 Non
461 2819 577 2877 silentio
600 2821 845 2892 praetereundum
869 2838 932 2878 esse
950 2821 1094 2892 existimo,
1118 2812 1239 2892 semer)
1257 2825 1374 2877 tantum
1389 2809 1462 2886 apud

287 2929 448 2987 Isocratem
473 2932 561 3002 atque
584 2929 615 2984 in
640 2928 772 2985 oratione
786 2929 975 3001 Trapezitica
998 2928 1113 3000 quidem
1129 2929 1159 2986 id
1174 2927 1361 2985 transitionis
1373 2931 1460 2995 genus

287 3034 424 3107 inueniri,
448 3035 498 3091 ubi
521 3035 577 3092 duo
602 3035 789 3092 transitionIs
812 3036 942 3092 membra
964 3051 1018 3107 per
1039 3025 1099 3109 μὲν
1123 3040 1153 3090 et
1176 3025 1212 3090 δὲ
1236 3034 1315 3092 inter
1334 3048 1364 3090 se
1378 3042 1459 3099 oppo-

286 3142 344 3200 sita
368 3143 449 3200 nulla
472 3142 617 3214 particula
642 3158 705 3199 cum
730 3142 971 3199 antecedentibus
995 3141 1150 3199 coniuncta
1169 3148 1246 3213 sunt,
1271 3140 1347 3215 quod
1365 3131 1460 3205 impri-

285 3266 349 3309 1uus
381 3254 449 3321 post
478 3247 648 3306 testimonia
677 3249 712 3305 fit
742 3255 772 3305 et
801 3250 972 3321 saepissime
996 3250 1073 3323 apud
1097 3249 1172 3307 alios
1194 3249 1356 3320 reperitur,
1380 3240 1398 3318 ξ
1422 3239 1459 3298 13

286 3351 351 3412 ’τῶν
379 3347 439 3430 μὲν
469 3346 638 3435 proscriptor
668 3337 832 3438 οἷκηκόατε
864 3338 899 3413 ὦ.
925 3337 959 3414 ι’ί.
985 3350 1023 3429 δ,
1050 3343 1113 3434 ἐγώ
1138 3347 1173 3413 δὲ
1197 3344 1262 3412 ατί.
1310 3355 1367 3414 Sed
1391 3365 1461 3408 com·

285 3463 371 3536 plura
404 3462 546 3520 eiusmodi
579 3464 712 3535 exempla
744 3480 796 3520 nos
830 3469 910 3521 certe
943 3464 1020 3537 apud
1050 3465 1212 3520 Isocratem
1242 3479 1306 3521 esse
1336 3463 1461 3519 lecturos

286 3568 418 3643 eqrridern
443 3570 625 3642 crediderim,
649 3570 674 3627 si
697 3571 797 3642 plures
821 3572 898 3629 tales
923 3572 1071 3630 orationes
1096 3571 1179 3629 nobis
1201 3575 1300 3628 essent
1318 3570 1461 3633 seruatae,

286 3668 380 3750 qualis
405 3680 451 3732 est
474 3675 670 3749 Trapezitica,
694 3677 759 3735 dico
783 3694 853 3735 uere
876 3679 1017 3737 forenses,

374 3800 507 3877 Denique
530 3801 587 3859 hoc
607 3801 747 3859 Isocratis
771 3804 921 3875 proprium
944 3820 1010 3860 esse
1034 3803 1158 3875 uidetur,
1182 3801 1380 3876 occupationis
1397 3811 1460 3869 par·
