3172 4924
638 366 834 425 -9-

144 552 177 603 et
212 548 324 604 duobus
358 548 434 620 aliis,
467 548 571 619 quibus
604 546 734 603 Bekkeri
750 550 751 554 ’
767 546 882 617 quidem
914 545 1079 603 testimonis
1111 543 1258 616 particula
1291 532 1326 598 δὲ

145 655 259 710 omissa
292 659 338 711 est
361 655 390 711 iu
415 655 578 711 codicibus:
607 653 664 711 XV
691 654 729 712 17
756 659 786 710 et
808 652 881 710 XVI
906 653 946 710 48
973 650 1042 722 (non
1065 652 1231 708 inseruerat
1253 650 1328 706 Ben-

146 761 267 818 selcrus
298 762 475 832 particulam
498 751 533 816 δί
564 761 595 817 in
624 759 641 831 ξ
666 761 707 818 48
741 761 883 817 orationis
907 760 1004 828 XVII,
1028 758 1142 815 scilicet
1165 756 1240 841 quod
1265 772 1328 812 eam

149 867 342 924 abiudicabat
366 868 402 924 ab
426 865 580 938 Isocrate).
614 867 749 923 Blassius
773 868 849 924 enim
872 868 936 939 ipse
955 867 986 923 in
1004 863 1021 936 ξ
1037 866 1077 922 48
1099 864 1241 922 orationis
1255 861 1328 920 XVI

147 991 229 1031 nuuc
253 974 408 1031 lectionem
432 966 547 1049 δέομαί
573 957 601 1029 δ’
627 951 683 1029 odo
706 975 826 1046 recepit,
850 991 914 1031 cum
937 973 1081 1030 Friderici
1103 971 1211 1029 Leonis
1232 985 1329 1042 opera,

148 1082 201 1152 qui
225 1081 312 1138 huius
331 1082 451 1152 quidem
476 1081 617 1138 orationis
642 1086 755 1137 textum
781 1081 873 1138 denuo
899 1081 1024 1139 contulit
1047 1081 1077 1137 in
1096 1078 1240 1150 Urbinati,
1265 1094 1329 1134 con·

149 1192 220 1259 stet,
252 1187 294 1243 nil
316 1188 375 1247 nisi
400 1189 532 1245 elisionis
557 1188 672 1258 signum
696 1187 832 1244 omissum
856 1191 921 1244 8888
946 1188 975 1243 in
999 1182 1090 1257 illo.)
1137 1187 1203 1261 Hic
1217 1200 1329 1256 quoque

151 1294 346 1366 intellegitur,
371 1296 458 1352 facile
478 1295 612 1352 excidere
632 1296 779 1367 postuisse
798 1287 817 1348 δ
835 1300 955 1366 propter
973 1295 1094 1351 uerbum
1109 1284 1232 1367 δέομαι,
1253 1290 1329 1362 quod

148 1402 354 1459 antecedebat.
400 1403 504 1474 Itaque
535 1403 657 1473 reliquis
687 1419 799 1474 quoque
830 1403 902 1459 locis
931 1393 1043 1476 tissone!
1069 1384 1096 1456 δ’
1122 1378 1178 1457 oda
1201 1398 1329 1455 scribere

150 1526 211 1565 nou
235 1509 443 1581 dubitabimus
467 1509 640 1580 praesertim
664 1510 689 1569 si
714 1509 936 1581 consideremus
961 1525 1045 1581 quam
1070 1512 1206 1565 constans
1230 1506 1329 1562 81111-

150 1631 217 1672 mus
240 1616 381 1673 Isocratis
405 1633 474 1673 usus
498 1616 590 1673 fuerit
611 1617 642 1673 in
661 1616 733 1688 ipsis
747 1596 946 1673 huiuscemodi
960 1615 1109 1684 formulis;
1134 1614 1234 1670 confer
1247 1628 1329 1684 prae

149 1729 250 1778 terea:
275 1722 335 1780 XII
359 1725 394 1781 ὃς
419 1709 573 1798 βούλομαι
600 1706 628 1777 δ’
655 1701 717 1789 aba
742 1723 816 1779 VIII
842 1727 878 1779 5:
904 1714 987 1802 φημί,
1013 1705 1041 1778 δ
1068 1699 1162 1792 orius)

243 1865 278 1922 In
302 1867 434 1923 oratione
458 1866 488 1922 in
512 1867 663 1923 Lochitenr
690 1864 773 1935 (XX)
799 1866 965 1935 parrcissnni
989 1866 1087 1921 hiatus
1111 1864 1230 1920 admissi
1246 1866 1329 1918 sunt:

151 1978 221 2043 post
244 1973 507 2044 interpunctionem
531 1979 593 2029 tres
619 1970 667 2043 (ἐξ
693 1972 806 2029 15.’15
833 1990 874 2043 sq.
901 1972 964 2041 18).

243 2117 279 2173 In
303 2116 435 2173 oratione
459 2117 489 2173 in
512 2117 681 2188 Euthynum
698 2114 798 2185 (XXI)
823 2116 955 2172 hiatuum
978 2117 1051 2172 satis
1072 2115 1227 2171 multorum
1242 2114 1329 2184 longe

152 2222 247 2278 maior
276 2239 345 2294 pars
378 2228 430 2278 aut
462 2223 491 2279 in
515 2240 607 2293 pausa
631 2228 683 2279 aut
705 2227 773 2293 post
796 2223 912 2279 uocales
936 2238 1024 2294 supra
1048 2223 1142 2279 dictas
1165 2221 1329 2287 inuenitur3

152 2330 184 2386 in
209 2345 301 2400 pausa
323 2331 451 2386 maxima
475 2330 625 2387 duodecim
652 2326 698 2400 (ἕὲ
724 2330 751 2386 2.
778 2330 796 2386 3
822 2329 886 2386 duo.
913 2330 939 2387 7.
966 2331 982 2386 8
1009 2329 1072 2387 duo.
1099 2326 1329 2411 11181819.

153 2436 192 2493 21
221 2435 306 2508 (188);
331 2437 477 2509 inpausa
501 2437 612 2494 minore
635 2442 773 2508 quattuor
797 2449 827 2493 et
849 2438 975 2508 triginta
999 2442 1117 2493 exstant
1143 2433 1190 2507 (ἓξ
1213 2436 1241 2492 2.
1258 2436 1285 2491 8.
1301 2435 1330 2491 4.

154 2546 172 2600 5
199 2547 268 2600 tres.
289 2545 321 2600 «6.
348 2544 375 2601 8.
401 2546 419 2601 11
445 2545 578 2615 quinque.
606 2544 641 2602 11
667 2550 813 2614 quattuor.
843 2546 878 2601 12
895 2544 959 2603 dum
987 2545 1036 2602 18.
1063 2544 1102 2600 14
1119 2544 1182 2600 duo.
1210 2543 1248 2599 16
1265 2541 1329 2598 duo.

158 2651 198 2708 17
223 2656 291 2707 tres.
320 2652 357 2708 18
381 2651 445 2707 duo.
473 2651 512 2708 19
534 2657 602 2708 tres.
628 2651 677 2707 20.
703 2651 774 2721 21);
798 2658 866 2723 post
888 2643 943 2709 καί.
969 2652 1075 2724 uiginti
1099 2651 1224 2722 quinque
1248 2646 1328 2721 (1551

153 2757 220 2813 duo.
246 2758 273 2814 2.
299 2758 398 2814 3duo.
424 2757 523 2814 4duo.
549 2760 575 2814 6.
604 2758 629 2815 7.
656 2758 836 2828 8quattuor.
864 2762 910 2816 11.
935 2760 983 2817 12.
1010 2761 1055 2817 13.
1075 2761 1111 2816 15
1129 2759 1193 2815 duo.
1211 2756 1249 2815 17
1267 2756 1331 2814 duo.

157 2864 197 2920 19
223 2869 368 2935 quattuor.
395 2863 467 2935 20);
493 2865 616 2920 elisione
639 2865 686 2921 uei
712 2866 788 2922 crasi
812 2867 878 2922 tolli
902 2872 1023 2938 possunt
1046 2866 1242 2937 quadraginta
1262 2864 1330 2932 duo;

154 2972 201 3028 his
234 2971 368 3028 deductis
399 2976 514 3028 restant
544 2971 662 3029 circiter
693 2973 912 3045 quinquaginta,
936 2975 1108 3045 intorques
1132 2978 1200 3028 sunt
1223 2970 1331 3041 uiginti

155 3079 222 3150 duo,
246 3078 294 3149 qui
318 3079 429 3135 nullam
452 3078 564 3134 habent
588 3080 819 3136 excusationem:
844 3073 926 3156 λέγω
950 3065 1033 3157 iudo
1059 3077 1088 3150 (ἓ
1115 3078 1155 3150 l),
1180 3063 1329 3158 διηγήσο-

153 3203 215 3260 ,um
241 3170 321 3260 ὑμῖν,
354 3175 467 3265 sacerdo)
493 3175 672 3262 ο1,,ίχ1)·ροὶ
699 3177 743 3256 ἐκ,
769 3171 919 3264 δρνορίοο
944 3170 1081 3264 Εδθίνρν
1107 3184 1136 3258 (ἓ
1161 3185 1202 3257 2),
1227 3170 1330 3263 χρόνῳ

155 3276 296 3370 δονερον,
327 3283 437 3367 κρίνοι·
470 3282 610 3369 ἔξαρνος,
643 3282 748 3348 κοίνοι
781 3276 873 3362 einer,
905 3285 1027 3350 πολλοί·
1059 3283 1205 3350 ἐποιεῖτο
1234 3288 1263 3364 (ἓ
1288 3284 1331 3367 8),

155 3390 354 3479 κομιζομένῳ
380 3383 494 3468 οὐδείς,
520 3382 641 3478 ἀνάγκη
669 3390 706 3454 ἐκ
731 3396 760 3471 (ς’
781 3398 823 3472 4),
848 3387 979 3480 ἐπήρθη
1005 3383 1129 3468 sidiam
1154 3398 1183 3471 (ξ
1204 3391 1245 3475 5),
1269 3383 1330 3473 μό-

154 3525 210 3563 νοι·
235 3497 357 3581 ἐλοβίν,
390 3493 613 3581 δανεισάμενοι
639 3497 825 3585 ίξρρνοῖῐνιο
852 3504 880 3579 (ς’
907 3502 948 3581 7),
973 3492 1127 3586 διενοὴδν)
1153 3490 1284 3575 ἀδικεῖν,
1310 3481 1331 3584 J)

154 3595 261 3682 oisc-on·
286 3612 315 3685 (ς’
342 3614 405 3686 11),
430 3606 596 3690 (iseronem)
622 3605 695 3692 ἐξῆν
720 3611 749 3685 (ς’
772 3612 835 3685 18),
859 3598 1004 3671 Εδδίνοο
1030 3597 1195 3689 δνεολογίο
1221 3610 1250 3684 (ἓ
1269 3613 1331 3684 19),

153 3707 333 3800 ἐπικήδειον
359 3704 536 3801 cinq-rodca-
562 3717 590 3793 (ἓ
607 3720 671 3792 20),
696 3710 754 3800 χρι)
781 3704 906 3777 ἀδικεῖν
931 3720 959 3793 (ξ
977 3714 1040 3797 18).
1066 3703 1206 3800 ἀριθμοῦ
1228 3704 1329 3799 ἆρον

152 3826 222 3907 ρεῖν
246 3825 277 3903 1ρὲ
302 3828 365 3899 21),
391 3814 495 3885 ἐδόκει
522 3812 609 3906 αὐτῷ
635 3825 664 3900 (ξ
690 3827 754 3899 19).

249 4036 273 4102 1)
294 4034 380 4087 Fuhr:
400 4034 469 4086 Mus.
490 4033 576 4087 Rhen.
597 4033 718 4092 XXXIII.
739 4052 765 4102 p.
787 4038 846 4089 ott.

246 4125 272 4191 ⁸2)
292 4124 401 4177 Sanmel
416 4122 586 4191 Ljungdahl:
606 4121 645 4175 Dc
660 4121 821 4175 transeundi
836 4122 982 4190 gonoribus
993 4122 1091 4189 utribus
1103 4122 1188 4175 utitur
1199 4125 1332 4176 isocrates

151 4212 369 4268 Commentatio.

246 4300 355 4369 Upsala.
393 4300 578 4353 Uniuersitets
597 4277 737 4353 dissicit.
778 4303 853 4355 1811.
874 4318 899 4369 p.
920 4303 961 4356 33.
