3172 4924
733 346 951 404 „10-

339 525 374 582 In
397 525 585 597 Trapezitioa
614 526 747 583 oratione
771 525 888 601 (XVII)
917 526 1041 596 deniqne
1063 527 1234 598 grauissimi
1258 528 1356 584 hiatus
1380 542 1426 583 ex·

250 637 330 686 stant
360 632 405 688 hi:
441 617 552 689 rodunt·
585 616 821 707 &scommatum
850 631 879 705 (ξ
906 631 968 702 to).
1014 619 1150 711 Σατύρῳ
1179 616 1283 703 οὕτως
1307 631 1336 709 (ξ
1362 627 1426 710 11).

249 721 346 793 alone*
372 729 429 795 olei
459 736 569 812 (§11),
595 723 687 797 edroi
715 724 922 819 ᾖφανίσαμεν
946 738 1056 813 (ξ12),
1082 724 1169 820 ἠξίου
1193 724 1291 797 αἰτόν
1315 738 1426 813 (ἓ13),

250 830 451 921 :redduntque
483 830 553 904 ἀπὸ
579 846 608 919 (ξ
636 846 698 917 19),
735 833 871 925 Σατύρῳ
903 831 1084 904 ἀποδοῦναι
1115 846 1163 920 (ἓὲ
1189 850 1238 906 20.
1263 842 1327 921 25),
1363 866 1426 922 μοι·

249 936 470 1009 duodenae
495 952 524 1025 (ξ
548 954 613 1026 21),
636 940 752 1033 τρόπῳ
777 934 803 1034 ᾧ
827 939 984 1035 ῄδίψανιυ
1008 952 1039 1030 (ᾖ
1055 954 1119 1027 34),
1143 940 1232 1033 ordulfo
1256 940 1427 1013 ἀποδώσει

250 1055 279 1130 (ἓ
305 1060 369 1130 37).
394 1050 472 1133 ἐμοί)
498 1044 640 1140 ὀφείλειν
666 1060 695 1133 (3¹
720 1064 785 1137 38).
810 1048 953 1119 κινδύνου
978 1045 1089 1119 ἀπιών
1114 1060 1144 1135 (ξ
1169 1061 1234 1135 34).

337 1167 481 1224 Numerus
512 1169 638 1226 omnium
668 1170 801 1227 hiatuum
833 1171 864 1228 in
894 1171 950 1227 hae
973 1170 1105 1228 oratione
1134 1177 1179 1228 est
1204 1177 1318 1229 eentum
1342 1187 1426 1242 unus,

247 1274 363 1331 omissis
383 1275 434 1346 eis,
458 1276 507 1347 qui
526 1276 627 1333 insunt
646 1277 676 1334 in
695 1277 836 1334 formula:
856 1255 882 1332 oi
902 1264 1016 1355 ἄνδρες
1034 1268 1188 1335 δικασταὶ
1209 1279 1326 1351 saepius
1345 1294 1426 1335 usur-

248 1386 317 1452 pata
340 1387 371 1437 et
395 1383 494 1454 pauois
518 1383 595 1455 aliis,
619 1384 668 1455 qui
692 1384 770 1440 erasi
793 1384 840 1440 uel
865 1384 988 1442 elisione
1011 1384 1078 1442 tolli
1101 1390 1232 1456 possunt.

336 1489 447 1558 Quibus
476 1491 643 1561 compositis
671 1490 783 1562 elucet,
813 1490 946 1548 hiatuum
969 1491 1000 1547 in
1023 1491 1069 1550 his
1094 1508 1144 1547 sex
1169 1491 1350 1549 orationibus
1374 1492 1424 1548 ad-

179 1622 185 1631 ·
246 1596 399 1652 missorum
422 1613 541 1653 nurnero
565 1604 596 1653 et
619 1615 727 1667 genere
752 1604 812 1654 tres
836 1598 946 1654 elasses
970 1615 1069 1655 earum
1093 1598 1227 1655 disoerni.
1274 1600 1308 1655 ln
1329 1599 1424 1670 prima

247 1703 340 1758 olasse
364 1704 458 1761 oratio
482 1704 635 1775 uicesima,
658 1720 733 1776 quae
757 1705 888 1761 hiatibus
911 1706 974 1761 fere
998 1711 1092 1774 oaret3
1124 1706 1154 1761 in
1179 1706 1306 1762 secunda
1329 1706 1423 1762 oratio

246 1808 283 1865 de
306 1810 392 1882 bigis,
416 1810 622 1884 (lallimaohea,
646 1812 835 1883 Aeginetica,
859 1812 889 1868 iu
913 1812 1017 1882 quibus
1041 1812 1122 1869 soliti
1146 1812 1245 1868 hiatus
1269 1813 1299 1868 iu
1322 1812 1424 1883 pausis

246 1920 276 1971 et
299 1922 366 1987 post
389 1918 508 1977 noeulas
539 1934 628 1990 supra
661 1919 755 1976 dietas
785 1915 843 1980 non
875 1918 995 1975 nimium
1025 1919 1110 1975 multi
1133 1919 1248 1988 iusunt3
1279 1919 1310 1975 in
1334 1919 1425 1975 tertia

246 2022 370 2094 denique
403 2025 497 2082 oratio
531 2027 560 2082 in
583 2027 754 2098 Euthynum
785 2031 815 2082 et
838 2026 1037 2097 Trapezitioa‚
1067 2026 1097 2081 in
1121 2026 1225 2097 quibus
1248 2044 1305 2083 non
1329 2028 1423 2084 solnm

246 2146 382 2187 numerus
413 2131 546 2189 hiatuum
576 2134 607 2190 in
637 2133 760 2204 reliquis
790 2149 902 2204 quoque
926 2133 1116 2189 admissorum
1140 2134 1229 2203 longe
1253 2134 1346 2191 maior
1369 2140 1424 2206 est,

245 2252 346 2293 nerum
371 2238 459 2295 etiam
484 2241 637 2309 grauiores
661 2240 795 2298 nonnulli
818 2245 981 2297 ooourrnnt.

336 2345 497 2402 Interoedit
519 2347 611 2418 igitur
634 2353 681 2404 sat
701 2363 839 2417 magnum
854 2346 1010 2403 discrimen
1025 2363 1082 2403 non
1097 2346 1189 2404 solum
1206 2348 1284 2404 inter
1298 2348 1421 2405 olassem

247 2451 402 2508 secundam
427 2458 457 2509 et
480 2455 607 2526 tertiam,
632 2454 684 2511 sed
709 2456 797 2511 etiam
821 2455 900 2511 inter
913 2455 1036 2525 primam
1051 2460 1081 2510 et
1095 2455 1259 2526 secundam,
1283 2455 1363 2512 euius
1377 2457 1422 2512 rei

247 2574 335 2614 eausa
357 2559 442 2616 nobis
466 2563 523 2618 erit
546 2561 721 2633 quaerenda.
768 2562 884 2618 Etenim
912 2576 1076 2632 quanquam
1101 2562 1241 2619 orationis
1266 2563 1422 2620 uicesimae

246 2670 437 2739 posteriorem
460 2675 575 2726 lantum
590 2674 704 2740 partem
718 2670 868 2740 habemus
892 2685 943 2739 pro
958 2668 1135 2738 reliquarum
1150 2669 1334 2740 longitudine
1348 2671 1423 2727 satis

245 2777 372 2848 breuem,
401 2775 477 2848 quod
500 2777 530 2833 in
555 2793 590 2833 ea
612 2777 675 2833 fere
699 2777 774 2833 nulli
797 2776 895 2832 hiatus
918 2775 1116 2846 inueniuntur,
1141 2776 1221 2835 oe-sui
1245 2793 1309 2833 esse
1333 2778 1424 2834 tribu·

246 2882 350 2939 endum
375 2883 511 2939 oouteudi
536 2889 615 2940 oerte
639 2900 697 2940 non
719 2883 836 2955 poterit.

336 2989 393 3047 Sed
416 2989 604 3061 inspiciamus
628 2990 774 3046 orationes
798 2990 885 3060 ipsas.
918 2989 1016 3060 Atque
1040 2990 1180 3046 orationis
1205 2989 1359 3046 uioesimae
1379 2990 1421 3047 nil

246 3097 303 3153 nisi
327 3097 459 3168 epilogus
483 3097 566 3153 nobis
590 3101 725 3153 seruatus
749 3102 803 3167 est,
828 3112 863 3152 ea
886 3095 978 3168 igitur
999 3113 1077 3168 pars,
1102 3112 1176 3168 quae
1199 3097 1317 3168 propius
1341 3114 1421 3154 aoce-

245 3204 315 3260 dere
339 3205 414 3261 solet
438 3204 475 3261 ad
499 3204 686 3262 artificiosius
711 3205 826 3262 dioendi
850 3221 951 3277 genus,
975 3205 1062 3275 quale
1085 3205 1241 3262 adhibetur
1264 3206 1294 3261 in
1314 3206 1422 3263 oratio-

246 3311 330 3367 nibus
355 3310 604 3368 demonstratiuis
650 3312 770 3369 Omnem
795 3316 892 3368 autem
917 3312 1059 3370 orationis
1081 3318 1226 3385 naturam,
1250 3330 1323 3385 qnae
1341 3330 1423 3385 pror·

245 3435 294 3475 sus
317 3418 457 3474 abhorret
480 3435 498 3474 a
520 3435 628 3489 genere
653 3419 792 3490 iudiciali,
815 3419 950 3476 Blassius
958 3411 981 3490 1)
1006 3419 1158 3476 uerissime
1176 3420 1333 3492 intellexit,
1358 3437 1421 3477 oum

246 3525 382 3596 explieat,
411 3524 574 3582 Isocratem
605 3525 767 3596 sophistam
798 3532 828 3582 et
852 3525 967 3582 dicendi
992 3525 1133 3582 artificem
1157 3527 1187 3583 in
1211 3543 1246 3583 ea
1269 3541 1421 3598 apparere,

246 3649 302 3688 non
327 3637 473 3688 oratorem
497 3631 651 3690 forensem.
695 3633 807 3690 Iniuria
831 3634 907 3689 enim
930 3632 1071 3689 Loehitae
1089 3649 1147 3689 nou
1161 3633 1204 3689 ita
1217 3632 1317 3702 grauis
1332 3632 1420 3689 ualde

246 3744 451 3811 exaggeratur,
475 3739 518 3795 ita
540 3744 646 3811 tamen,
670 3744 703 3795 ut
721 3740 752 3795 in
766 3741 876 3798 maiore
890 3745 974 3812 parte
989 3738 1131 3797 orationis
1145 3754 1203 3795 non
1217 3738 1249 3795 iu
1267 3738 1421 3797 Loehitam

245 3847 401 3905 inuehatur
415 3846 571 3918 Isocrates,
588 3847 640 3903 sed
655 3863 754 3903 omues
769 3848 819 3918 qui
832 3847 973 3904 isolenter
987 3851 1017 3903 et
1031 3847 1154 3918 superbe
1169 3846 1282 3903 ciuibus
1296 3846 1421 3906 iniurias

245 3954 398 4025 iniungere
428 3958 576 4012 conentur.
622 3954 663 4011 Et
692 3954 793 4026 pauois
823 3958 937 4010 tantum
968 3953 1039 4011 loeis
1067 3954 1201 4026 legentes
1225 3955 1420 4027 admonemur,

245 4062 405 4118 orationem
438 4060 585 4118 forensem
617 4062 701 4118 nobis
733 4079 797 4119 esse
828 4061 858 4118 in
881 4061 1023 4118 manibus
1066 4062 1223 4132 Quaesitae
1246 4068 1344 4118 autem
1362 4062 1420 4118 dio-

335 4283 360 4349 1)
380 4281 475 4348 Eloqu.
495 4282 553 4336 Att.
573 4283 605 4335 Π.
625 4301 651 4351 p.
672 4284 731 4339 200.
