<?xml version="1.0" encoding="UTF-8"?>
<!DOCTYPE html PUBLIC "-//W3C//DTD XHTML 1.0 Transitional//EN"
    "http://www.w3.org/TR/xhtml1/DTD/xhtml1-transitional.dtd">
<html xmlns="http://www.w3.org/1999/xhtml" xml:lang="en" lang="en">
 <head>
  <title>
</title>
<meta http-equiv="Content-Type" content="text/html;charset=utf-8" />
  <meta name='ocr-system' content='tesseract 3.04.00' />
  <meta name='ocr-capabilities' content='ocr_page ocr_carea ocr_par ocr_line ocrx_word'/>
</head>
<body>
  <div class='ocr_page' id='page_1' title='image "./deisocratisorat00gallgoog_0020.png"; bbox 0 0 3172 4924; ppageno 0'>
   <div class='ocr_carea' id='block_1_1' title="bbox 537 353 847 410">
    <p class='ocr_par' dir='ltr' id='par_1_1' title="bbox 537 353 847 410">
     <span class='ocr_line' id='line_1_1' title="bbox 537 353 847 410; baseline 0 -20"><span class='ocrx_word' id='word_1_1' title='bbox 537 353 847 410; x_wconf 49' lang='lat'>1-15-</span> 
     </span>
    </p>
   </div>
   <div class='ocr_carea' id='block_1_2' title="bbox 134 530 1324 4249">
    <p class='ocr_par' dir='ltr' id='par_1_2' title="bbox 134 530 1323 1997">
     <span class='ocr_line' id='line_1_2' title="bbox 231 530 1321 604; baseline 0.001 -18"><span class='ocrx_word' id='word_1_2' title='bbox 231 530 329 601; x_wconf 85' lang='lat' dir='ltr'>Atque</span> <span class='ocrx_word' id='word_1_3' title='bbox 347 530 379 587; x_wconf 92' lang='lat' dir='ltr'>in</span> <span class='ocrx_word' id='word_1_4' title='bbox 395 530 448 587; x_wconf 88' lang='lat' dir='ltr'>illa</span> <span class='ocrx_word' id='word_1_5' title='bbox 462 530 576 601; x_wconf 90' lang='lat' dir='ltr'>quidem</span> <span class='ocrx_word' id='word_1_6' title='bbox 592 531 726 589; x_wconf 89' lang='lat' dir='ltr'>oratione</span> <span class='ocrx_word' id='word_1_7' title='bbox 742 532 874 604; x_wconf 81' lang='lat' dir='ltr'>epilogus</span> <span class='ocrx_word' id='word_1_8' title='bbox 888 548 1007 602; x_wconf 88' lang='lat' dir='ltr'>prorsus</span> <span class='ocrx_word' id='word_1_9' title='bbox 1022 530 1121 601; x_wconf 84' lang='lat' dir='ltr'>deest;</span> <span class='ocrx_word' id='word_1_10' title='bbox 1142 531 1321 603; x_wconf 86' lang='lat' dir='ltr'>reliquarum</span> 
     </span>
     <span class='ocr_line' id='line_1_3' title="bbox 134 635 1322 710; baseline 0 -17"><span class='ocrx_word' id='word_1_11' title='bbox 134 642 239 693; x_wconf 89' lang='lat' dir='ltr'>autem</span> <span class='ocrx_word' id='word_1_12' title='bbox 264 637 390 707; x_wconf 90' lang='lat' dir='ltr'>partium</span> <span class='ocrx_word' id='word_1_13' title='bbox 415 637 566 708; x_wconf 78' lang='lat' dir='ltr'>dispositio</span> <span class='ocrx_word' id='word_1_14' title='bbox 591 638 664 694; x_wconf 89' lang='lat' dir='ltr'>haec</span> <span class='ocrx_word' id='word_1_15' title='bbox 687 643 741 709; x_wconf 89' lang='lat' dir='ltr'>est,</span> <span class='ocrx_word' id='word_1_16' title='bbox 765 643 799 694; x_wconf 87' lang='lat' dir='ltr'>ut</span> <span class='ocrx_word' id='word_1_17' title='bbox 824 639 1001 710; x_wconf 89' lang='lat' dir='ltr'>prooemium</span> <span class='ocrx_word' id='word_1_18' title='bbox 1025 639 1097 695; x_wconf 89' lang='lat' dir='ltr'>insit</span> <span class='ocrx_word' id='word_1_19' title='bbox 1119 640 1150 696; x_wconf 94' lang='lat' dir='ltr'>in</span> <span class='ocrx_word' id='word_1_20' title='bbox 1171 635 1188 709; x_wconf 67' lang='grc' dir='ltr'>ξ</span> <span class='ocrx_word' id='word_1_21' title='bbox 1206 639 1233 710; x_wconf 84' lang='grc'>1,</span> <span class='ocrx_word' id='word_1_22' title='bbox 1257 654 1322 694; x_wconf 89' lang='lat' dir='ltr'>nar·</span> 
     </span>
     <span class='ocr_line' id='line_1_4' title="bbox 134 740 1317 818; baseline 0.001 -17"><span class='ocrx_word' id='word_1_23' title='bbox 134 745 215 801; x_wconf 89' lang='lat' dir='ltr'>ratio</span> <span class='ocrx_word' id='word_1_24' title='bbox 240 744 272 800; x_wconf 91' lang='lat' dir='ltr'>in</span> <span class='ocrx_word' id='word_1_25' title='bbox 295 740 411 815; x_wconf 59' lang='lat' dir='ltr'>§52et</span> <span class='ocrx_word' id='word_1_26' title='bbox 427 745 454 815; x_wconf 87' lang='grc'>3,</span> <span class='ocrx_word' id='word_1_27' title='bbox 478 745 695 815; x_wconf 77' lang='lat' dir='ltr'>argumentatio</span> <span class='ocrx_word' id='word_1_28' title='bbox 720 745 749 802; x_wconf 91' lang='lat' dir='ltr'>in</span> <span class='ocrx_word' id='word_1_29' title='bbox 773 746 895 817; x_wconf 91' lang='lat' dir='ltr'>reliquis</span> <span class='ocrx_word' id='word_1_30' title='bbox 919 746 1113 818; x_wconf 86' lang='lat' dir='ltr'>undeuiginti.</span> <span class='ocrx_word' id='word_1_31' title='bbox 1142 746 1317 804; x_wconf 84' lang='lat' dir='ltr'>Grauiorum</span> 
     </span>
     <span class='ocr_line' id='line_1_5' title="bbox 137 836 1322 925; baseline -0.001 -16"><span class='ocrx_word' id='word_1_32' title='bbox 137 857 241 909; x_wconf 71' lang='lat' dir='ltr'>aretem</span> <span class='ocrx_word' id='word_1_33' title='bbox 270 852 402 908; x_wconf 90' lang='lat' dir='ltr'>hiatuum</span> <span class='ocrx_word' id='word_1_34' title='bbox 433 868 523 923; x_wconf 88' lang='lat' dir='ltr'>supra</span> <span class='ocrx_word' id='word_1_35' title='bbox 554 836 786 910; x_wconf 70' lang='lat' dir='ltr'><strong>enumeratorum</strong></span> <span class='ocrx_word' id='word_1_36' title='bbox 818 870 892 910; x_wconf 91' lang='lat' dir='ltr'>unus</span> <span class='ocrx_word' id='word_1_37' title='bbox 923 853 1074 911; x_wconf 88' lang='lat' dir='ltr'>inuenitur</span> <span class='ocrx_word' id='word_1_38' title='bbox 1103 855 1134 910; x_wconf 92' lang='lat' dir='ltr'>in</span> <span class='ocrx_word' id='word_1_39' title='bbox 1166 853 1322 925; x_wconf 89' lang='lat' dir='ltr'>prooemio,</span> 
     </span>
     <span class='ocr_line' id='line_1_6' title="bbox 139 957 1321 1032; baseline -0.002 -16"><span class='ocrx_word' id='word_1_40' title='bbox 139 965 206 1016; x_wconf 91' lang='lat' dir='ltr'>octo</span> <span class='ocrx_word' id='word_1_41' title='bbox 237 959 268 1015; x_wconf 89' lang='lat' dir='ltr'>in</span> <span class='ocrx_word' id='word_1_42' title='bbox 300 959 479 1016; x_wconf 78' lang='lat' dir='ltr'>narrationis</span> <span class='ocrx_word' id='word_1_43' title='bbox 503 959 615 1016; x_wconf 85' lang='lat' dir='ltr'>duabus</span> <span class='ocrx_word' id='word_1_44' title='bbox 638 960 835 1031; x_wconf 83' lang='lat' dir='ltr'>paragraphis</span> <span class='ocrx_word' id='word_1_45' title='bbox 860 957 948 1030; x_wconf 84' lang='lat' dir='ltr'>(quae</span> <span class='ocrx_word' id='word_1_46' title='bbox 973 960 1093 1032; x_wconf 86' lang='lat' dir='ltr'>explent</span> <span class='ocrx_word' id='word_1_47' title='bbox 1116 959 1321 1030; x_wconf 88' lang='lat' dir='ltr'>duodeuiginti</span> 
     </span>
     <span class='ocr_line' id='line_1_7' title="bbox 138 1062 1322 1139; baseline -0.003 -14"><span class='ocrx_word' id='word_1_48' title='bbox 138 1065 267 1138; x_wconf 88' lang='lat' dir='ltr'>uersus),</span> <span class='ocrx_word' id='word_1_49' title='bbox 291 1066 432 1123; x_wconf 76' lang='lat' dir='ltr'>tredecim</span> <span class='ocrx_word' id='word_1_50' title='bbox 455 1067 486 1123; x_wconf 92' lang='lat' dir='ltr'>in</span> <span class='ocrx_word' id='word_1_51' title='bbox 510 1066 774 1138; x_wconf 79' lang='lat' dir='ltr'>argumentationis</span> <span class='ocrx_word' id='word_1_52' title='bbox 794 1065 999 1136; x_wconf 91' lang='lat' dir='ltr'>duodeuiginti</span> <span class='ocrx_word' id='word_1_53' title='bbox 1015 1067 1209 1139; x_wconf 78' lang='lat' dir='ltr'>paragraphis</span> <span class='ocrx_word' id='word_1_54' title='bbox 1235 1062 1322 1137; x_wconf 88' lang='lat' dir='ltr'>(quae</span> 
     </span>
     <span class='ocr_line' id='line_1_8' title="bbox 141 1173 1323 1246; baseline -0.003 -15"><span class='ocrx_word' id='word_1_55' title='bbox 141 1174 262 1246; x_wconf 85' lang='lat' dir='ltr'>explent</span> <span class='ocrx_word' id='word_1_56' title='bbox 285 1189 389 1230; x_wconf 89' lang='lat' dir='ltr'>uersus</span> <span class='ocrx_word' id='word_1_57' title='bbox 413 1178 527 1230; x_wconf 90' lang='lat' dir='ltr'>centum</span> <span class='ocrx_word' id='word_1_58' title='bbox 552 1173 683 1246; x_wconf 89' lang='lat' dir='ltr'>uiginti).</span> <span class='ocrx_word' id='word_1_59' title='bbox 725 1173 864 1231; x_wconf 88' lang='lat' dir='ltr'>Uidemus</span> <span class='ocrx_word' id='word_1_60' title='bbox 889 1174 988 1246; x_wconf 86' lang='lat' dir='ltr'>igitur,</span> <span class='ocrx_word' id='word_1_61' title='bbox 1014 1176 1104 1232; x_wconf 90' lang='lat' dir='ltr'>etiam</span> <span class='ocrx_word' id='word_1_62' title='bbox 1127 1175 1157 1232; x_wconf 93' lang='lat' dir='ltr'>in</span> <span class='ocrx_word' id='word_1_63' title='bbox 1180 1174 1236 1230; x_wconf 89' lang='lat' dir='ltr'>hac</span> <span class='ocrx_word' id='word_1_64' title='bbox 1260 1190 1323 1229; x_wconf 89' lang='lat' dir='ltr'>ora·</span> 
     </span>
     <span class='ocr_line' id='line_1_9' title="bbox 141 1279 1322 1353; baseline -0.003 -15"><span class='ocrx_word' id='word_1_65' title='bbox 141 1281 280 1353; x_wconf 88' lang='lat' dir='ltr'>tiuncula,</span> <span class='ocrx_word' id='word_1_66' title='bbox 304 1281 336 1337; x_wconf 94' lang='lat' dir='ltr'>in</span> <span class='ocrx_word' id='word_1_67' title='bbox 351 1296 409 1351; x_wconf 93' lang='lat' dir='ltr'>qua</span> <span class='ocrx_word' id='word_1_68' title='bbox 423 1281 609 1337; x_wconf 89' lang='lat' dir='ltr'>cumulantur</span> <span class='ocrx_word' id='word_1_69' title='bbox 623 1281 730 1352; x_wconf 77' lang='lat' dir='ltr'>hiatuS,</span> <span class='ocrx_word' id='word_1_70' title='bbox 755 1281 911 1338; x_wconf 77' lang='lat' dir='ltr'>discrimen</span> <span class='ocrx_word' id='word_1_71' title='bbox 927 1286 974 1338; x_wconf 90' lang='lat' dir='ltr'>sat</span> <span class='ocrx_word' id='word_1_72' title='bbox 989 1298 1125 1353; x_wconf 90' lang='lat' dir='ltr'>magnum</span> <span class='ocrx_word' id='word_1_73' title='bbox 1140 1279 1322 1338; x_wconf 78' lang='lat' dir='ltr'>intercedere</span> 
     </span>
     <span class='ocr_line' id='line_1_10' title="bbox 148 1388 1322 1460; baseline -0.001 -16"><span class='ocrx_word' id='word_1_74' title='bbox 148 1389 217 1445; x_wconf 88' lang='lat' dir='ltr'>inter</span> <span class='ocrx_word' id='word_1_75' title='bbox 241 1388 442 1445; x_wconf 87' lang='lat' dir='ltr'>narrationem</span> <span class='ocrx_word' id='word_1_76' title='bbox 474 1394 503 1443; x_wconf 88' lang='lat' dir='ltr'>et</span> <span class='ocrx_word' id='word_1_77' title='bbox 527 1389 821 1458; x_wconf 79' lang='lat' dir='ltr'>argumentationem.</span> <span class='ocrx_word' id='word_1_78' title='bbox 869 1389 912 1445; x_wconf 86' lang='lat' dir='ltr'>Ac</span> <span class='ocrx_word' id='word_1_79' title='bbox 935 1389 960 1445; x_wconf 91' lang='lat' dir='ltr'>si</span> <span class='ocrx_word' id='word_1_80' title='bbox 985 1389 1049 1460; x_wconf 91' lang='lat' dir='ltr'>quis</span> <span class='ocrx_word' id='word_1_81' title='bbox 1073 1405 1125 1445; x_wconf 90' lang='lat' dir='ltr'>suo</span> <span class='ocrx_word' id='word_1_82' title='bbox 1148 1389 1213 1445; x_wconf 87' lang='lat' dir='ltr'>iure</span> <span class='ocrx_word' id='word_1_83' title='bbox 1237 1403 1322 1458; x_wconf 87' lang='lat' dir='ltr'>quae-</span> 
     </span>
     <span class='ocr_line' id='line_1_11' title="bbox 151 1494 1323 1568; baseline -0.002 -16"><span class='ocrx_word' id='word_1_84' title='bbox 151 1496 261 1568; x_wconf 87' lang='lat' dir='ltr'>siuerit,</span> <span class='ocrx_word' id='word_1_85' title='bbox 295 1511 346 1551; x_wconf 94' lang='lat' dir='ltr'>cur</span> <span class='ocrx_word' id='word_1_86' title='bbox 376 1495 406 1550; x_wconf 91' lang='lat' dir='ltr'>in</span> <span class='ocrx_word' id='word_1_87' title='bbox 434 1495 489 1551; x_wconf 89' lang='lat' dir='ltr'>hac</span> <span class='ocrx_word' id='word_1_88' title='bbox 512 1495 576 1566; x_wconf 91' lang='lat' dir='ltr'>ipsa</span> <span class='ocrx_word' id='word_1_89' title='bbox 600 1496 784 1553; x_wconf 89' lang='lat' dir='ltr'>oratiuncula</span> <span class='ocrx_word' id='word_1_90' title='bbox 807 1495 966 1565; x_wconf 72' lang='lat' dir='ltr'>Gorgianis</span> <span class='ocrx_word' id='word_1_91' title='bbox 990 1495 1115 1567; x_wconf 91' lang='lat' dir='ltr'>aliisque</span> <span class='ocrx_word' id='word_1_92' title='bbox 1138 1495 1240 1567; x_wconf 83' lang='lat' dir='ltr'>liguris</span> <span class='ocrx_word' id='word_1_93' title='bbox 1263 1494 1323 1566; x_wconf 88' lang='lat' dir='ltr'>ple-</span> 
     </span>
     <span class='ocr_line' id='line_1_12' title="bbox 142 1602 1322 1673; baseline -0.001 -14"><span class='ocrx_word' id='word_1_94' title='bbox 142 1602 263 1659; x_wconf 87' lang='lat' dir='ltr'>nissima</span> <span class='ocrx_word' id='word_1_95' title='bbox 294 1607 325 1658; x_wconf 90' lang='lat' dir='ltr'>et</span> <span class='ocrx_word' id='word_1_96' title='bbox 348 1603 516 1673; x_wconf 87' lang='lat' dir='ltr'>ceteroquin</span> <span class='ocrx_word' id='word_1_97' title='bbox 540 1602 717 1659; x_wconf 89' lang='lat' dir='ltr'>nitidissima</span> <span class='ocrx_word' id='word_1_98' title='bbox 746 1607 845 1659; x_wconf 89' lang='lat' dir='ltr'>orator</span> <span class='ocrx_word' id='word_1_99' title='bbox 868 1607 914 1659; x_wconf 94' lang='lat' dir='ltr'>tot</span> <span class='ocrx_word' id='word_1_100' title='bbox 937 1603 1036 1659; x_wconf 86' lang='lat' dir='ltr'>hiatus</span> <span class='ocrx_word' id='word_1_101' title='bbox 1061 1603 1221 1673; x_wconf 90' lang='lat' dir='ltr'>admiserit,</span> <span class='ocrx_word' id='word_1_102' title='bbox 1246 1602 1322 1673; x_wconf 90' lang='lat' dir='ltr'>equi-</span> 
     </span>
     <span class='ocr_line' id='line_1_13' title="bbox 140 1708 1323 1781; baseline 0.001 -17"><span class='ocrx_word' id='word_1_103' title='bbox 140 1708 207 1765; x_wconf 87' lang='lat' dir='ltr'>dem</span> <span class='ocrx_word' id='word_1_104' title='bbox 238 1724 302 1766; x_wconf 89' lang='lat' dir='ltr'>cum</span> <span class='ocrx_word' id='word_1_105' title='bbox 325 1709 441 1766; x_wconf 87' lang='lat' dir='ltr'>Blassio</span> <span class='ocrx_word' id='word_1_106' title='bbox 473 1710 649 1781; x_wconf 87' lang='lat' dir='ltr'>respondere</span> <span class='ocrx_word' id='word_1_107' title='bbox 679 1728 737 1769; x_wconf 87' lang='lat' dir='ltr'>non</span> <span class='ocrx_word' id='word_1_108' title='bbox 768 1710 913 1781; x_wconf 84' lang='lat' dir='ltr'>dubitem,</span> <span class='ocrx_word' id='word_1_109' title='bbox 944 1727 1002 1766; x_wconf 93' lang='lat' dir='ltr'>non</span> <span class='ocrx_word' id='word_1_110' title='bbox 1033 1726 1132 1767; x_wconf 91' lang='lat' dir='ltr'>ueram</span> <span class='ocrx_word' id='word_1_111' title='bbox 1161 1709 1323 1766; x_wconf 89' lang='lat' dir='ltr'>orationem</span> 
     </span>
     <span class='ocr_line' id='line_1_14' title="bbox 138 1815 1323 1890; baseline -0.001 -17"><span class='ocrx_word' id='word_1_112' title='bbox 138 1816 288 1874; x_wconf 84' lang='lat' dir='ltr'>forensem</span> <span class='ocrx_word' id='word_1_113' title='bbox 320 1833 383 1873; x_wconf 89' lang='lat' dir='ltr'>earn</span> <span class='ocrx_word' id='word_1_114' title='bbox 414 1833 496 1888; x_wconf 90' lang='lat' dir='ltr'>esse,</span> <span class='ocrx_word' id='word_1_115' title='bbox 528 1817 579 1873; x_wconf 91' lang='lat' dir='ltr'>sed</span> <span class='ocrx_word' id='word_1_116' title='bbox 610 1817 798 1889; x_wconf 89' lang='lat' dir='ltr'>sophisticum</span> <span class='ocrx_word' id='word_1_117' title='bbox 831 1822 863 1873; x_wconf 93' lang='lat' dir='ltr'>ut</span> <span class='ocrx_word' id='word_1_118' title='bbox 893 1818 937 1874; x_wconf 89' lang='lat' dir='ltr'>ita</span> <span class='ocrx_word' id='word_1_119' title='bbox 965 1817 1059 1874; x_wconf 88' lang='lat' dir='ltr'>dicam</span> <span class='ocrx_word' id='word_1_120' title='bbox 1083 1816 1252 1890; x_wconf 89' lang='lat' dir='ltr'>opusculum</span> <span class='ocrx_word' id='word_1_121' title='bbox 1275 1815 1323 1872; x_wconf 91' lang='lat' dir='ltr'>uel</span> 
     </span>
     <span class='ocr_line' id='line_1_15' title="bbox 140 1923 1160 1997; baseline 0.002 -17"><span class='ocrx_word' id='word_1_122' title='bbox 140 1925 242 1996; x_wconf 90' lang='lat' dir='ltr'>potius</span> <span class='ocrx_word' id='word_1_123' title='bbox 267 1923 329 1980; x_wconf 88' lang='lat' dir='ltr'>eius</span> <span class='ocrx_word' id='word_1_124' title='bbox 353 1923 577 1994; x_wconf 87' lang='lat' dir='ltr'>descriptionem</span> <span class='ocrx_word' id='word_1_125' title='bbox 601 1941 695 1995; x_wconf 91' lang='lat' dir='ltr'>neque</span> <span class='ocrx_word' id='word_1_126' title='bbox 717 1924 877 1996; x_wconf 65' lang='lat' dir='ltr'>perfectam</span> <span class='ocrx_word' id='word_1_127' title='bbox 902 1940 1001 1997; x_wconf 33' lang='lat' dir='ltr'>neque,</span> <span class='ocrx_word' id='word_1_128' title='bbox 1020 1924 1160 1982; x_wconf 85' lang='lat' dir='ltr'>limatam.</span> 
     </span>
    </p>

    <p class='ocr_par' dir='ltr' id='par_1_3' title="bbox 137 2030 1324 2531">
     <span class='ocr_line' id='line_1_16' title="bbox 248 2030 1324 2104; baseline 0 -17"><span class='ocrx_word' id='word_1_129' title='bbox 248 2031 312 2087; x_wconf 86' lang='lat' dir='ltr'>Iam</span> <span class='ocrx_word' id='word_1_130' title='bbox 335 2030 373 2086; x_wconf 91' lang='lat' dir='ltr'>ad</span> <span class='ocrx_word' id='word_1_131' title='bbox 396 2031 558 2087; x_wconf 88' lang='lat' dir='ltr'>orationem</span> <span class='ocrx_word' id='word_1_132' title='bbox 582 2031 796 2102; x_wconf 82' lang='lat' dir='ltr'>Trapeziticam</span> <span class='ocrx_word' id='word_1_133' title='bbox 820 2038 947 2104; x_wconf 86' lang='lat' dir='ltr'>transeo,</span> <span class='ocrx_word' id='word_1_134' title='bbox 971 2032 1051 2088; x_wconf 93' lang='lat' dir='ltr'>cuius</span> <span class='ocrx_word' id='word_1_135' title='bbox 1076 2031 1228 2103; x_wconf 90' lang='lat' dir='ltr'>dispositio</span> <span class='ocrx_word' id='word_1_136' title='bbox 1251 2031 1324 2087; x_wconf 91' lang='lat' dir='ltr'>haec</span> 
     </span>
     <span class='ocr_line' id='line_1_17' title="bbox 141 2135 1324 2210; baseline 0 -15"><span class='ocrx_word' id='word_1_137' title='bbox 141 2144 207 2196; x_wconf 84' lang='lat' dir='ltr'>est:</span> <span class='ocrx_word' id='word_1_138' title='bbox 239 2138 423 2195; x_wconf 87' lang='lat' dir='ltr'>Prooemium</span> <span class='ocrx_word' id='word_1_139' title='bbox 454 2137 621 2194; x_wconf 90' lang='lat' dir='ltr'>continetur</span> <span class='ocrx_word' id='word_1_140' title='bbox 651 2135 686 2209; x_wconf 62' lang='grc' dir='ltr'>ἓξ</span> <span class='ocrx_word' id='word_1_141' title='bbox 712 2137 726 2194; x_wconf 87' lang='grc'><strong>1</strong></span> <span class='ocrx_word' id='word_1_142' title='bbox 755 2143 785 2194; x_wconf 90' lang='lat' dir='ltr'>et</span> <span class='ocrx_word' id='word_1_143' title='bbox 811 2139 838 2195; x_wconf 87' lang='lat'>2.</span> <span class='ocrx_word' id='word_1_144' title='bbox 885 2138 1025 2195; x_wconf 88' lang='lat' dir='ltr'>Narratio</span> <span class='ocrx_word' id='word_1_145' title='bbox 1056 2138 1187 2210; x_wconf 90' lang='lat' dir='ltr'>pertinet</span> <span class='ocrx_word' id='word_1_146' title='bbox 1214 2139 1282 2195; x_wconf 90' lang='lat' dir='ltr'>inde</span> <span class='ocrx_word' id='word_1_147' title='bbox 1306 2156 1324 2195; x_wconf 91' lang='lat' dir='ltr'>a</span> 
     </span>
     <span class='ocr_line' id='line_1_18' title="bbox 139 2241 1322 2318; baseline 0 -15"><span class='ocrx_word' id='word_1_148' title='bbox 139 2244 158 2318; x_wconf 67' lang='grc' dir='ltr'>ἓ</span> <span class='ocrx_word' id='word_1_149' title='bbox 186 2247 204 2303; x_wconf 88' lang='grc'><strong>3</strong></span> <span class='ocrx_word' id='word_1_150' title='bbox 239 2261 329 2316; x_wconf 89' lang='lat' dir='ltr'>usque</span> <span class='ocrx_word' id='word_1_151' title='bbox 361 2245 399 2301; x_wconf 94' lang='lat' dir='ltr'>ad</span> <span class='ocrx_word' id='word_1_152' title='bbox 422 2241 439 2315; x_wconf 64' lang='grc' dir='ltr'>ἓ</span> <span class='ocrx_word' id='word_1_153' title='bbox 464 2246 521 2314; x_wconf 83' lang='grc'>23;</span> <span class='ocrx_word' id='word_1_154' title='bbox 555 2245 594 2301; x_wconf 90' lang='lat' dir='ltr'>ad</span> <span class='ocrx_word' id='word_1_155' title='bbox 627 2245 712 2302; x_wconf 91' lang='lat' dir='ltr'>finem</span> <span class='ocrx_word' id='word_1_156' title='bbox 734 2262 780 2302; x_wconf 87' lang='lat' dir='ltr'>ea</span> <span class='ocrx_word' id='word_1_157' title='bbox 813 2245 982 2316; x_wconf 89' lang='lat' dir='ltr'>perducitur</span> <span class='ocrx_word' id='word_1_158' title='bbox 1014 2245 1044 2302; x_wconf 90' lang='lat' dir='ltr'>in</span> <span class='ocrx_word' id='word_1_159' title='bbox 1077 2242 1112 2316; x_wconf 58' lang='grc' dir='ltr'>ἕξ</span> <span class='ocrx_word' id='word_1_160' title='bbox 1143 2246 1180 2303; x_wconf 83' lang='grc'>51</span> <span class='ocrx_word' id='word_1_161' title='bbox 1217 2252 1247 2303; x_wconf 90' lang='lat' dir='ltr'>et</span> <span class='ocrx_word' id='word_1_162' title='bbox 1272 2247 1322 2303; x_wconf 81' lang='lat'>52.</span> 
     </span>
     <span class='ocr_line' id='line_1_19' title="bbox 137 2346 1321 2425; baseline -0.001 -16"><span class='ocrx_word' id='word_1_163' title='bbox 137 2352 367 2424; x_wconf 89' lang='lat' dir='ltr'>Argumentatio</span> <span class='ocrx_word' id='word_1_164' title='bbox 391 2352 470 2408; x_wconf 91' lang='lat' dir='ltr'>inest</span> <span class='ocrx_word' id='word_1_165' title='bbox 492 2352 523 2408; x_wconf 90' lang='lat' dir='ltr'>in</span> <span class='ocrx_word' id='word_1_166' title='bbox 546 2351 741 2424; x_wconf 87' lang='lat' dir='ltr'>paragraphis</span> <span class='ocrx_word' id='word_1_167' title='bbox 764 2351 832 2408; x_wconf 90' lang='lat' dir='ltr'>inde</span> <span class='ocrx_word' id='word_1_168' title='bbox 857 2367 875 2407; x_wconf 90' lang='lat' dir='ltr'>a</span> <span class='ocrx_word' id='word_1_169' title='bbox 898 2346 916 2425; x_wconf 63' lang='grc' dir='ltr'>ξ</span> <span class='ocrx_word' id='word_1_170' title='bbox 937 2353 986 2409; x_wconf 84' lang='grc'>24.</span> <span class='ocrx_word' id='word_1_171' title='bbox 1011 2352 1158 2422; x_wconf 90' lang='lat' dir='ltr'>usquead</span> <span class='ocrx_word' id='word_1_172' title='bbox 1180 2352 1229 2410; x_wconf 84' lang='lat'>50.</span> <span class='ocrx_word' id='word_1_173' title='bbox 1250 2358 1281 2408; x_wconf 93' lang='lat' dir='ltr'>et</span> <span class='ocrx_word' id='word_1_174' title='bbox 1303 2369 1321 2408; x_wconf 91' lang='lat' dir='ltr'>a</span> 
     </span>
     <span class='ocr_line' id='line_1_20' title="bbox 139 2456 1262 2531; baseline -0.001 -14"><span class='ocrx_word' id='word_1_175' title='bbox 139 2456 227 2531; x_wconf 69' lang='lat'>553.</span> <span class='ocrx_word' id='word_1_176' title='bbox 250 2474 342 2529; x_wconf 91' lang='lat' dir='ltr'>usque</span> <span class='ocrx_word' id='word_1_177' title='bbox 365 2458 402 2514; x_wconf 89' lang='lat' dir='ltr'>ad</span> <span class='ocrx_word' id='word_1_178' title='bbox 419 2460 480 2515; x_wconf 63' lang='lat'>55„</span> <span class='ocrx_word' id='word_1_179' title='bbox 506 2458 650 2530; x_wconf 84' lang='lat' dir='ltr'>Epilogus</span> <span class='ocrx_word' id='word_1_180' title='bbox 674 2458 799 2529; x_wconf 91' lang='lat' dir='ltr'>denique</span> <span class='ocrx_word' id='word_1_181' title='bbox 823 2459 991 2516; x_wconf 88' lang='lat' dir='ltr'>continetur</span> <span class='ocrx_word' id='word_1_182' title='bbox 1013 2458 1109 2514; x_wconf 89' lang='lat' dir='ltr'>tribus</span> <span class='ocrx_word' id='word_1_183' title='bbox 1133 2458 1262 2531; x_wconf 90' lang='lat' dir='ltr'>reliquis.</span> 
     </span>
    </p>

    <p class='ocr_par' dir='ltr' id='par_1_4' title="bbox 146 2564 1320 2744">
     <span class='ocr_line' id='line_1_21' title="bbox 234 2564 1320 2638; baseline -0.001 -14"><span class='ocrx_word' id='word_1_184' title='bbox 234 2567 311 2624; x_wconf 82' lang='lat' dir='ltr'>Fere</span> <span class='ocrx_word' id='word_1_185' title='bbox 342 2564 493 2622; x_wconf 91' lang='lat' dir='ltr'>dimidium</span> <span class='ocrx_word' id='word_1_186' title='bbox 524 2565 617 2636; x_wconf 89' lang='lat' dir='ltr'>igitur</span> <span class='ocrx_word' id='word_1_187' title='bbox 648 2566 738 2622; x_wconf 90' lang='lat' dir='ltr'>totius</span> <span class='ocrx_word' id='word_1_188' title='bbox 769 2565 910 2623; x_wconf 89' lang='lat' dir='ltr'>orationis</span> <span class='ocrx_word' id='word_1_189' title='bbox 942 2582 957 2621; x_wconf 89' lang='lat' dir='ltr'>e</span> <span class='ocrx_word' id='word_1_190' title='bbox 985 2565 1164 2622; x_wconf 90' lang='lat' dir='ltr'>narrationis</span> <span class='ocrx_word' id='word_1_191' title='bbox 1187 2567 1320 2638; x_wconf 86' lang='lat' dir='ltr'>partibus</span> 
     </span>
     <span class='ocr_line' id='line_1_22' title="bbox 146 2672 798 2744; baseline -0.005 -13"><span class='ocrx_word' id='word_1_192' title='bbox 146 2678 268 2743; x_wconf 88' lang='lat' dir='ltr'>constat,</span> <span class='ocrx_word' id='word_1_193' title='bbox 293 2688 356 2729; x_wconf 91' lang='lat' dir='ltr'>cum</span> <span class='ocrx_word' id='word_1_194' title='bbox 380 2672 512 2744; x_wconf 89' lang='lat' dir='ltr'>epilogus</span> <span class='ocrx_word' id='word_1_195' title='bbox 536 2672 727 2728; x_wconf 89' lang='lat' dir='ltr'>breuissimus</span> <span class='ocrx_word' id='word_1_196' title='bbox 751 2672 798 2728; x_wconf 85' lang='lat' dir='ltr'>sit.</span> 
     </span>
    </p>

    <p class='ocr_par' dir='ltr' id='par_1_5' title="bbox 142 2779 1320 3065">
     <span class='ocr_line' id='line_1_23' title="bbox 233 2779 1320 2851; baseline -0.002 -13"><span class='ocrx_word' id='word_1_197' title='bbox 233 2779 292 2839; x_wconf 87' lang='lat' dir='ltr'>Sed</span> <span class='ocrx_word' id='word_1_198' title='bbox 314 2784 347 2836; x_wconf 92' lang='lat' dir='ltr'>ut</span> <span class='ocrx_word' id='word_1_199' title='bbox 369 2780 486 2851; x_wconf 88' lang='lat' dir='ltr'>planius</span> <span class='ocrx_word' id='word_1_200' title='bbox 509 2779 712 2851; x_wconf 87' lang='lat' dir='ltr'>perspiciatur,</span> <span class='ocrx_word' id='word_1_201' title='bbox 743 2784 813 2850; x_wconf 91' lang='lat' dir='ltr'>quot</span> <span class='ocrx_word' id='word_1_202' title='bbox 837 2779 995 2851; x_wconf 88' lang='lat' dir='ltr'>qualesque</span> <span class='ocrx_word' id='word_1_203' title='bbox 1019 2779 1117 2836; x_wconf 89' lang='lat' dir='ltr'>hiatus</span> <span class='ocrx_word' id='word_1_204' title='bbox 1141 2780 1171 2836; x_wconf 89' lang='lat' dir='ltr'>in</span> <span class='ocrx_word' id='word_1_205' title='bbox 1196 2779 1320 2851; x_wconf 90' lang='lat' dir='ltr'>singulis</span> 
     </span>
     <span class='ocr_line' id='line_1_24' title="bbox 142 2886 1319 2958; baseline -0.001 -13"><span class='ocrx_word' id='word_1_206' title='bbox 142 2887 287 2945; x_wconf 88' lang='lat' dir='ltr'>orationis</span> <span class='ocrx_word' id='word_1_207' title='bbox 310 2887 445 2958; x_wconf 89' lang='lat' dir='ltr'>partibus</span> <span class='ocrx_word' id='word_1_208' title='bbox 469 2890 595 2957; x_wconf 79' lang='lat' dir='ltr'>exstent,</span> <span class='ocrx_word' id='word_1_209' title='bbox 619 2903 718 2943; x_wconf 91' lang='lat' dir='ltr'>omnes</span> <span class='ocrx_word' id='word_1_210' title='bbox 742 2887 990 2958; x_wconf 87' lang='lat' dir='ltr'>paragraphorum</span> <span class='ocrx_word' id='word_1_211' title='bbox 1016 2886 1117 2943; x_wconf 91' lang='lat' dir='ltr'>ordine</span> <span class='ocrx_word' id='word_1_212' title='bbox 1136 2888 1319 2944; x_wconf 88' lang='lat' dir='ltr'>enumerabo.</span> 
     </span>
     <span class='ocr_line' id='line_1_25' title="bbox 317 2973 1123 3065; baseline 0.002 -19"><span class='ocrx_word' id='word_1_213' title='bbox 317 2986 522 3046; x_wconf 78' lang='lat' dir='ltr'>Prooemium:</span> <span class='ocrx_word' id='word_1_214' title='bbox 771 2990 788 3065; x_wconf 62' lang='grc' dir='ltr'>ξ</span> <span class='ocrx_word' id='word_1_215' title='bbox 813 2994 841 3051; x_wconf 87' lang='grc'>8.</span> <span class='ocrx_word' id='word_1_216' title='bbox 966 2982 1022 3049; x_wconf 80' lang='grc' dir='ltr'>καὶ</span> <span class='ocrx_word' id='word_1_217' title='bbox 1047 2973 1123 3063; x_wconf 60' lang='grc' dir='ltr'>ἄξια</span> 
     </span>
    </p>

    <p class='ocr_par' dir='ltr' id='par_1_6' title="bbox 141 3083 1272 4249">
     <span class='ocr_line' id='line_1_26' title="bbox 142 3083 1146 3176; baseline -0.003 -18"><span class='ocrx_word' id='word_1_218' title='bbox 142 3098 160 3172; x_wconf 66' lang='grc' dir='ltr'>ἓ</span> <span class='ocrx_word' id='word_1_219' title='bbox 186 3103 213 3158; x_wconf 91' lang='lat' dir='ltr'>l.</span> <span class='ocrx_word' id='word_1_220' title='bbox 277 3084 449 3156; x_wconf 74' lang='grc' dir='ltr'><em>κινδυνεύω</em></span> <span class='ocrx_word' id='word_1_221' title='bbox 473 3083 557 3157; x_wconf 74' lang='grc' dir='ltr'><em>ἀλλά</em></span> <span class='ocrx_word' id='word_1_222' title='bbox 946 3090 1002 3155; x_wconf 76' lang='grc' dir='ltr'>καὶ</span> <span class='ocrx_word' id='word_1_223' title='bbox 1026 3086 1146 3176; x_wconf 51' lang='grc' dir='ltr'>ἑτέροιςΙ</span> 
     </span>
     <span class='ocr_line' id='line_1_27' title="bbox 362 3183 1115 3282; baseline -0.001 -19"><span class='ocrx_word' id='word_1_224' title='bbox 362 3183 381 3263; x_wconf 73' lang='grc' dir='ltr'>ὃ</span> <span class='ocrx_word' id='word_1_225' title='bbox 405 3193 467 3282; x_wconf 77' lang='grc' dir='ltr'>ἐγώ</span> <span class='ocrx_word' id='word_1_226' title='bbox 772 3204 789 3278; x_wconf 65' lang='grc' dir='ltr'>ἓ</span> <span class='ocrx_word' id='word_1_227' title='bbox 814 3209 842 3265; x_wconf 88' lang='grc'>9.</span> <span class='ocrx_word' id='word_1_228' title='bbox 973 3197 1032 3262; x_wconf 80' lang='grc' dir='ltr'>καὶ</span> <span class='ocrx_word' id='word_1_229' title='bbox 1056 3190 1115 3263; x_wconf 72' lang='grc' dir='ltr'>οὐκ</span> 
     </span>
     <span class='ocr_line' id='line_1_28' title="bbox 143 3296 1272 3393; baseline -0.003 -21"><span class='ocrx_word' id='word_1_230' title='bbox 143 3311 160 3386; x_wconf 65' lang='grc' dir='ltr'>ἓ</span> <span class='ocrx_word' id='word_1_231' title='bbox 185 3316 212 3372; x_wconf 81' lang='lat'>2.</span> <span class='ocrx_word' id='word_1_232' title='bbox 260 3296 310 3371; x_wconf 79' lang='grc' dir='ltr'>ὅτι</span> <span class='ocrx_word' id='word_1_233' title='bbox 334 3297 575 3392; x_wconf 71' lang='grc' dir='ltr'><em>ἀποστεροῦμαι</em></span> <span class='ocrx_word' id='word_1_234' title='bbox 772 3311 855 3386; x_wconf 71' lang='lat' dir='ltr'>§iu</span> <span class='ocrx_word' id='word_1_235' title='bbox 878 3299 992 3371; x_wconf 70' lang='grc' dir='ltr'><em>τούτου</em></span> <span class='ocrx_word' id='word_1_236' title='bbox 1012 3297 1272 3393; x_wconf 74' lang='grc' dir='ltr'><em>ἀποστερεῖσθαι</em></span> 
     </span>
     <span class='ocr_line' id='line_1_29' title="bbox 345 3406 1154 3496; baseline 0.001 -21"><span class='ocrx_word' id='word_1_237' title='bbox 345 3415 493 3475; x_wconf 82' lang='lat' dir='ltr'>Narratio:</span> <span class='ocrx_word' id='word_1_238' title='bbox 933 3411 990 3477; x_wconf 82' lang='grc' dir='ltr'>καὶ</span> <span class='ocrx_word' id='word_1_239' title='bbox 1015 3406 1154 3496; x_wconf 65' lang='lat' dir='ltr'>{parcen</span> 
     </span>
     <span class='ocr_line' id='line_1_30' title="bbox 141 3512 1104 3608; baseline -0.002 -22"><span class='ocrx_word' id='word_1_240' title='bbox 141 3526 271 3608; x_wconf 50' lang='lat'>55„⁴</span> <span class='ocrx_word' id='word_1_241' title='bbox 371 3512 469 3584; x_wconf 63' lang='lat' dir='ltr'>md</span> <span class='ocrx_word' id='word_1_242' title='bbox 772 3525 865 3600; x_wconf 63' lang='lat' dir='ltr'>§st</span> <span class='ocrx_word' id='word_1_243' title='bbox 996 3518 1104 3603; x_wconf 60' lang='lat' dir='ltr'>mm</span> 
     </span>
     <span class='ocr_line' id='line_1_31' title="bbox 341 3618 1202 3716; baseline -0.002 -24"><span class='ocrx_word' id='word_1_244' title='bbox 341 3628 382 3716; x_wconf 76' lang='grc' dir='ltr'>τῇ</span> <span class='ocrx_word' id='word_1_245' title='bbox 407 3619 489 3715; x_wconf 56' lang='grc' dir='ltr'>ἆρχῖ</span> <span class='ocrx_word' id='word_1_246' title='bbox 890 3624 919 3691; x_wconf 77' lang='grc' dir='ltr'>οὶ</span> <span class='ocrx_word' id='word_1_247' title='bbox 945 3618 1202 3713; x_wconf 72' lang='grc' dir='ltr'><em>ἀπαγγέλλοντες</em></span> 
     </span>
     <span class='ocr_line' id='line_1_32' title="bbox 326 3724 1091 3800; baseline 0.003 -2"><span class='ocrx_word' id='word_1_248' title='bbox 326 3733 383 3798; x_wconf 81' lang='grc' dir='ltr'>καὶ</span> <span class='ocrx_word' id='word_1_249' title='bbox 408 3725 506 3800; x_wconf 71' lang='grc' dir='ltr'><em>αὐτόν</em></span> <span class='ocrx_word' id='word_1_250' title='bbox 1001 3724 1050 3799; x_wconf 78' lang='grc' dir='ltr'>ὅτι</span> <span class='ocrx_word' id='word_1_251' title='bbox 1074 3726 1091 3800; x_wconf 82' lang='grc' dir='ltr'><em>ὃ</em></span> 
     </span>
     <span class='ocr_line' id='line_1_33' title="bbox 141 3832 1172 3930; baseline -0.004 -22"><span class='ocrx_word' id='word_1_252' title='bbox 141 3848 158 3922; x_wconf 68' lang='grc' dir='ltr'>ξ</span> <span class='ocrx_word' id='word_1_253' title='bbox 184 3852 213 3908; x_wconf 85' lang='grc'>6.</span> <span class='ocrx_word' id='word_1_254' title='bbox 241 3835 325 3907; x_wconf 75' lang='grc' dir='ltr'>εἶναιΙ</span> <span class='ocrx_word' id='word_1_255' title='bbox 348 3839 593 3918; x_wconf 76' lang='grc' dir='ltr'><em>ἐπιστείλαντος</em></span> <span class='ocrx_word' id='word_1_256' title='bbox 913 3833 1046 3930; x_wconf 74' lang='grc' dir='ltr'><em>Σατύρῳ</em></span> <span class='ocrx_word' id='word_1_257' title='bbox 1070 3832 1172 3920; x_wconf 62' lang='grc' dir='ltr'><em>οὕτως</em></span> 
     </span>
     <span class='ocr_line' id='line_1_34' title="bbox 141 3941 1128 4034; baseline -0.002 -19"><span class='ocrx_word' id='word_1_258' title='bbox 141 3954 159 4029; x_wconf 66' lang='grc' dir='ltr'>ἓ</span> <span class='ocrx_word' id='word_1_259' title='bbox 187 3958 213 4015; x_wconf 84' lang='grc'>7,</span> <span class='ocrx_word' id='word_1_260' title='bbox 322 3942 405 4014; x_wconf 82' lang='grc' dir='ltr'><em>εἶναι</em></span> <span class='ocrx_word' id='word_1_261' title='bbox 430 3941 513 4013; x_wconf 73' lang='grc' dir='ltr'><em>ἄλλα</em></span> <span class='ocrx_word' id='word_1_262' title='bbox 960 3949 1007 4034; x_wconf 73' lang='grc' dir='ltr'>τῷ</span> <span class='ocrx_word' id='word_1_263' title='bbox 1031 3942 1128 4014; x_wconf 67' lang='grc' dir='ltr'><em>αὑτοῦ</em></span> 
     </span>
     <span class='ocr_line' id='line_1_35' title="bbox 285 4047 1141 4144; baseline 0.001 -25"><span class='ocrx_word' id='word_1_264' title='bbox 285 4055 342 4120; x_wconf 76' lang='grc' dir='ltr'>καὶ</span> <span class='ocrx_word' id='word_1_265' title='bbox 367 4047 542 4144; x_wconf 78' lang='grc' dir='ltr'><em>ὀφείλοντα</em></span> <span class='ocrx_word' id='word_1_266' title='bbox 955 4048 1052 4120; x_wconf 68' lang='grc' dir='ltr'><em>αὑτοῦ</em></span> <span class='ocrx_word' id='word_1_267' title='bbox 1079 4054 1141 4120; x_wconf 70' lang='lat' dir='ltr'>elci</span> 
     </span>
     <span class='ocr_line' id='line_1_36' title="bbox 317 4156 1135 4249; baseline 0 -22"><span class='ocrx_word' id='word_1_268' title='bbox 317 4161 373 4228; x_wconf 80' lang='grc' dir='ltr'>καὶ</span> <span class='ocrx_word' id='word_1_269' title='bbox 397 4158 517 4249; x_wconf 67' lang='grc' dir='ltr'><em>ἑτέροις</em></span> <span class='ocrx_word' id='word_1_270' title='bbox 959 4161 1016 4226; x_wconf 78' lang='grc' dir='ltr'>καὶ</span> <span class='ocrx_word' id='word_1_271' title='bbox 1039 4156 1135 4241; x_wconf 67' lang='grc' dir='ltr'><em>εἰδώς</em></span> 
     </span>
    </p>
   </div>
   <div class='ocr_carea' id='block_1_3' title="bbox 340 4254 1119 4359">
    <p class='ocr_par' dir='ltr' id='par_1_7' title="bbox 340 4254 1119 4359">
     <span class='ocr_line' id='line_1_37' title="bbox 374 4254 1100 4293; baseline -0.01 -1"><span class='ocrx_word' id='word_1_272' title='bbox 374 4267 382 4290; x_wconf 70' lang='lat' dir='ltr'>h</span> <span class='ocrx_word' id='word_1_273' title='bbox 424 4263 439 4293; x_wconf 67' lang='grc' dir='ltr'>ἵ</span> <span class='ocrx_word' id='word_1_274' title='bbox 1042 4269 1049 4289; x_wconf 67' lang='lat' dir='ltr'>t</span> <span class='ocrx_word' id='word_1_275' title='bbox 1087 4254 1100 4285; x_wconf 70' lang='grc' dir='ltr'><strong>ἶ</strong></span> 
     </span>
     <span class='ocr_line' id='line_1_38' title="bbox 340 4267 1119 4359; baseline 0 -25"><span class='ocrx_word' id='word_1_276' title='bbox 340 4296 381 4359; x_wconf 33' lang='grc' dir='ltr'>μοι</span> <span class='ocrx_word' id='word_1_277' title='bbox 409 4294 491 4335; x_wconf 83' lang='grc' dir='ltr'><em>ειναι</em></span> <span class='ocrx_word' id='word_1_278' title='bbox 729 4267 732 4357; x_wconf 64' lang='lat' dir='ltr'>l</span> <span class='ocrx_word' id='word_1_279' title='bbox 772 4272 864 4349; x_wconf 75' lang='lat' dir='ltr'>§ln</span> <span class='ocrx_word' id='word_1_280' title='bbox 973 4292 1049 4359; x_wconf 88' lang='grc' dir='ltr'><em>περι</em></span> <span class='ocrx_word' id='word_1_281' title='bbox 1074 4296 1119 4334; x_wconf 77' lang='grc' dir='ltr'>τον</span> 
     </span>
    </p>
   </div>
   <div class='ocr_carea' id='block_1_4' title="bbox 0 0 1590 4917">
    <p class='ocr_par' dir='ltr' id='par_1_8' title="bbox 0 0 1590 4917">
     <span class='ocr_line' id='line_1_39' title="bbox 0 0 1590 4917; baseline 0 0"><span class='ocrx_word' id='word_1_282' title='bbox 0 0 1590 4917; x_wconf 95' lang='lat' dir='ltr'> </span> 
     </span>
    </p>
   </div>
  </div>
 </body>
</html>
