3172 4924
641 347 837 404 ..7-

242 523 304 580 lam
314 541 383 582 uero
395 526 432 582 ad
441 526 642 597 quaestionem
653 525 690 581 de
700 525 833 582 oratione
844 524 1030 596 Trapeuitica
1038 526 1104 598 ipsa
1112 526 1322 583 instituendam

145 630 300 701 accedam,
331 631 361 688 in
385 631 466 688 cuius
489 632 586 704 priore
609 636 695 703 parte
717 632 754 689 de
777 632 910 690 hiatuum
933 648 997 690 cum
1020 633 1051 689 in
1073 633 1194 704 reliquis
1217 633 1322 691 oratio·

146 737 233 795 nibus
262 737 428 795 forensibus
459 744 520 795 tum
551 740 582 796 in
605 739 791 809 Trapezitica
821 738 1012 797 admissorum
1042 739 1158 796 ratione
1185 755 1322 811 quaeram

146 848 235 915 atque
258 844 434 902 Bcnselerus
466 861 532 901 num
564 850 646 902 recte
669 845 724 901 hac
746 845 782 902 de
805 862 838 903 re
861 845 1037 904 indicauerit
1061 846 1241 904 examinabo.
1287 847 1322 905 In
1382 830 1386 839 ’

145 950 243 1007 altera
266 956 352 1021 parte
375 951 592 1009 dissertationis
616 953 781 1010 accuratius
804 954 983 1025 perscrutari
1006 954 1036 1012 in
1060 954 1156 1011 animo
1176 959 1222 1011 eat
1236 953 1321 1011 huius

145 1057 289 1115 orationis
318 1058 435 1115 dicendi
466 1075 550 1116 usum
573 1065 662 1131 atque
686 1059 854 1132 explorare,
885 1077 953 1117 num
977 1065 1057 1119 stare
1079 1061 1172 1134 possit
1194 1057 1322 1133 Kayseri

145 1166 313 1237 sententia,
328 1165 484 1222 dictionem
508 1166 571 1223 eius
595 1183 613 1223 a
635 1167 813 1238 reliquarum
839 1167 1067 1226 diuersissimam
1087 1184 1151 1225 esse
1166 1168 1320 1225 censentis.

718 1392 748 1457 Ι.

235 1560 394 1617 Isocratem
426 1561 542 1618 omnino
574 1561 696 1632 primum
721 1577 737 1616 6
760 1559 952 1632 scriptoribus
976 1560 1097 1618 Graecis
1120 1561 1233 1619 hiatum
1256 1561 1320 1619 dili·

141 1667 316 1739 gentissime
340 1667 468 1724 euitasse
492 1673 580 1738 atque
603 1667 697 1738 ipsum
720 1666 797 1724 hanc
821 1667 916 1739 legem
939 1668 969 1724 in
993 1673 1056 1724 arte
1078 1668 1224 1725 rhetorica
1238 1685 1320 1741 prae·

142 1774 257 1846 cepisse
290 1780 320 1832 et
349 1791 367 1830 6
399 1774 548 1831 ueteribus
578 1773 744 1831 rhetoribus
774 1774 930 1831 memoriae
960 1773 1100 1831 traditum
1128 1778 1174 1831 est
1182 1766 1204 1845 1)
1230 1779 1260 1831 et
1284 1790 1320 1831 ex

142 1881 237 1953 ipsius
267 1882 365 1939 uerbis
389 1875 553 1953 appareti).
599 1882 740 1938 Attamen
772 1885 892 1937 exstant
918 1880 1045 1952 legitimi
1067 1880 1167 1937 hiatus
1190 1881 1221 1937 iu
1245 1880 1320 1938 codi-

142 1987 226 2045 cibus
256 1989 479 2061 manuscriptis,
511 2004 631 2059 quorum
663 1987 719 2045 duo
749 2004 860 2059 genera
890 1987 1098 2061 distinguenda
1128 2005 1192 2046 esse
1222 1987 1320 2046 docuit

141 2096 336 2166 Bcnselerus3
369 2098 493 2169 primum
518 2113 567 2154 eos
591 2097 640 2168 qui
663 2096 767 2168 scripti
789 2100 903 2152 tantum
926 2094 1034 2167 optimo
1058 2096 1121 2152 iure
1146 2095 1267 2153 elisione
1290 2099 1320 2152 61

142 2203 221 2260 crasi
245 2204 310 2260 tolli
333 2204 455 2277 possint,
479 2204 585 2261 deinde
609 2221 658 2261 eos
681 2205 731 2275 qui
754 2202 939 2260 intercedant
962 2202 1040 2259 inter
1062 2202 1195 2260 uoculas:
1218 2192 1260 2273 ri,
1277 2219 1317 2274 m,

142 2291 203 2379 ὅτι,
229 2301 315 2388 περὶ,
340 2288 384 2381 εὖ,
416 2300 491 2389 πρὸ,
524 2301 620 2389 πολὺ,
655 2301 711 2368 καὶ
735 2311 810 2367 61166
834 2315 865 2366 61
887 2313 1054 2380 sequentem
1078 2310 1208 2369 noralem
1231 2313 1319 2381 atque

142 2434 181 2473 116
221 2417 252 2473 in
284 2417 523 2475 demonstratiuis
563 2418 679 2489 quidem
717 2416 897 2474 orationibus
930 2415 1118 2473 offensionem
1149 2416 1319 2489 praebeant,

142 2524 258 2580 scilicet
290 2525 365 2596 quod
398 2525 516 2596 saepius
549 2525 734 2597 usurpandae
767 2527 867 2593 erant,
900 2539 985 2594 quam
1017 2528 1049 2579 ut
1079 2523 1177 2580 hiatus
1200 2528 1320 2596 possent

142 2631 259 2690 euitari.
297 2632 389 2690 Multo
414 2633 581 2690 liberiorem
604 2639 704 2690 tamen
727 2631 825 2688 hiatus
849 2629 1023 2688 admittendi
1044 2631 1189 2688 rationem
1212 2631 1243 2686 in
1257 2647 1319 2688 ora·

141 2739 273 2796 tionibus
296 2739 461 2801 forensibus
484 2741 581 2798 inesse
598 2745 686 2811 atque
701 2739 789 2796 etiam
805 2737 1031 2810 exspectandam
1046 2753 1119 2810 esse,
1142 2737 1318 2795 Bcnselerus

141 2861 257 2916 quoque
280 2846 443 2919 intellexit,
471 2864 535 2905 cum
559 2840 680 2919 dicit³):
710 2846 780 2919 „hoc
803 2844 919 2917 quidem
943 2826 979 2901 ex
1001 2845 1066 2917 ipsa
1089 2845 1253 2902 orationum
1276 2844 1318 2901 fo·

141 2953 271 3009 reustum
295 2957 401 3009 natura
423 2955 532 3024 poterit
555 2954 702 3026 concludi,
733 2969 784 3010 eas
815 2952 976 3024 simplicius
1000 2957 1030 3008 et
1053 2952 1179 3009 sermoni
1201 2951 1318 3024 uulgari

142 3059 365 3116 conuenientius
390 3076 454 3117 esse
478 3061 611 3133 scriptas,
635 3061 751 3133 quade
775 3075 864 3117 eausa
887 3059 976 3116 etiam
994 3059 1090 3116 minus
1105 3063 1190 3116 erunt
1205 3058 1317 3116 anitati.

144 3165 190 3220 lta
213 3163 319 3236 hiatus,
343 3166 393 3237 qni
415 3166 565 3223 inuenitur
588 3169 736 3225 sententia
767 3168 864 3225 altera
887 3166 918 3223 in
941 3166 1037 3223 uocali
1060 3165 1145 3223 finita
1169 3170 1200 3222 61
1223 3164 1318 3223 altera

141 3271 175 3327 in
199 3269 294 3326 uocati
317 3270 475 3342 incipiente
498 3271 586 3329 facile
609 3273 792 3346 tolerabitur,
816 3290 883 3331 nam
906 3290 964 3331 non
986 3273 1099 3346 legenti
1118 3272 1171 3331 sed
1185 3272 1318 3331 audienti

140 3376 272 3448 scriptae
295 3381 371 3434 sunt.
417 3378 530 3435 Deinde
554 3379 653 3436 hiatus
675 3385 741 3453 post
763 3380 923 3452 particulas
946 3380 1020 3437 istas
1043 3370 1099 3436 καὶ
1119 3369 1158 3453 εἰ,
1182 3369 1212 3460 ἢ,
1237 3357 1263 3436 ὦ
1287 3386 1318 3437 61

141 3483 254 3541 similes
286 3500 343 3541 uon
373 3485 467 3542 rnhrus
502 3502 583 3542 suam
615 3487 737 3544 habebit
761 3488 985 3559 excusationem,
1013 3487 1082 3558 quia
1105 3487 1220 3543 omnino
1244 3486 1317 3544 eius-

141 3591 221 3648 modi
251 3591 365 3664 hiatus,
399 3591 456 3649 nisi
485 3610 604 3664 prorsus
634 3594 792 3651 artificiose
822 3594 965 3652 formetur
995 3610 1104 3667 sermo,
1142 3610 1199 3651 non
1228 3593 1317 3651 facile

141 3704 265 3771 possunt
289 3696 420 3757 euitari.“
1251 3676 1255 3685 ’

233 3921 259 3990 l)
277 3920 390 3988 Dionys.
417 3921 458 3976 Ι)6
487 3924 565 3976 lsocr.
593 3924 625 3976 ll.
646 3955 679 3963 —
705 3923 741 3978 id.
769 3924 810 3978 De
835 3941 922 3994 comp.
948 3942 975 3994 p.
997 3926 1055 3980 184.
1075 3923 1106 3976 n.
1149 3923 1184 3976 id.
1204 3922 1245 3977 De
1263 3922 1314 3977 De·

141 4010 295 4065 mosthene.
315 4027 337 4063 c.
357 4013 381 4065 4.
401 4012 444 4064 40.
465 4040 498 4048 —

230 4099 361 4168 Hermog.
380 4103 441 4170 περὶ
463 4098 552 4151 ldmis.
572 4118 599 4169 p.
618 4103 681 4158 338.
700 4101 746 4170 Sp.
767 4131 800 4138 -
820 4100 934 4170 Longin.
954 4105 1040 4169 τέχνη.
1061 4102 1080 4155 l.
1100 4105 1160 4159 306.
1180 4104 1225 4170 Sp.

231 4189 258 4258 2)
278 4188 359 4242 Isocr.
378 4191 465 4256 τέχνη.
504 4188 595 4258 Frgna
617 4193 656 4245 12.

231 4278 258 4347 3)
278 4277 318 4331 Ι)6
337 4276 416 4331 hiatu
434 4296 461 4346 p.
481 4279 525 4332 46.
